captured_at_utc,exchange_time,exchange_time_ms,asset,coin,best_bid_px,best_bid_sz,best_bid_orders,best_ask_px,best_ask_sz,best_ask_orders,mid_px,spread_px,spread_bps,bid_depth_5_sz,bid_depth_5_notional,ask_depth_5_sz,ask_depth_5_notional,bid_depth_20_sz,bid_depth_20_notional,ask_depth_20_sz,ask_depth_20_notional
2026-04-29T00:00:00.650195Z,2026-04-28T23:59:59.536000Z,1777420799536,BRENTOIL,xyz:BRENTOIL,103.83,30.8,3,103.85,66.66,4,103.84,0.01999999999999602,1.9260400616328988,4733.4400000000005,491351.8164,4666.99,484821.8834,25380.96,2632623.4109,110781.04000000002,11511534.2255
2026-04-29T00:00:01.313762Z,2026-04-28T23:59:59.536000Z,1777420799536,BRENTOIL,xyz:BRENTOIL,103.83,30.8,3,103.85,66.66,4,103.84,0.01999999999999602,1.9260400616328988,4733.4400000000005,491351.8164,4666.99,484821.8834,25380.96,2632623.4109,110781.04000000002,11511534.2255
2026-04-29T00:00:02.000955Z,2026-04-28T23:59:59.536000Z,1777420799536,BRENTOIL,xyz:BRENTOIL,103.83,30.8,3,103.85,66.66,4,103.84,0.01999999999999602,1.9260400616328988,4733.4400000000005,491351.8164,4666.99,484821.8834,25380.96,2632623.4109,110781.04000000002,11511534.2255
2026-04-29T00:00:03.098598Z,2026-04-29T00:00:02.480000Z,1777420802480,BRENTOIL,xyz:BRENTOIL,103.84,345.0,4,103.85,293.02,2,103.845,0.009999999999990905,0.9629736626694502,1075.34,111642.5976,3121.9,324306.7055,21345.46,2213942.9795,109070.12000000001,11333820.204599999
2026-04-29T00:00:04.023126Z,2026-04-29T00:00:03.339000Z,1777420803339,BRENTOIL,xyz:BRENTOIL,103.84,2272.86,3,103.85,287.03,1,103.845,0.009999999999990905,0.9629736626694502,6387.280000000001,663107.7512,3074.13,319346.3283,25821.11,2678473.5285,109193.6,11346644.985699998
2026-04-29T00:00:05.000827Z,2026-04-29T00:00:04.385000Z,1777420804385,BRENTOIL,xyz:BRENTOIL,103.84,941.99,4,103.85,237.48,1,103.845,0.009999999999990905,0.9629736626694502,4850.92,503579.12419999996,3299.18,342728.0632,25271.85,2621361.1010000003,110962.40000000001,11530425.6396
2026-04-29T00:00:06.001762Z,2026-04-29T00:00:05.420000Z,1777420805420,BRENTOIL,xyz:BRENTOIL,103.84,15.0,1,103.85,237.48,1,103.845,0.009999999999990905,0.9629736626694502,4025.5,417862.58190000005,3669.63,381212.7328,24037.11,2493173.5155,110494.26999999999,11481765.206499998
2026-04-29T00:00:07.000619Z,2026-04-29T00:00:06.534000Z,1777420806534,BRENTOIL,xyz:BRENTOIL,103.84,15.0,1,103.86,10.68,1,103.85,0.01999999999999602,1.9258545979774697,2742.42,284701.3983,88724.84,9218497.8396,24212.97,2511539.7164,108371.83999999997,11261462.027100002
2026-04-29T00:00:08.175974Z,2026-04-29T00:00:07.600000Z,1777420807600,BRENTOIL,xyz:BRENTOIL,103.87,24.63,2,103.88,10.68,1,103.875,0.009999999999990905,0.9626955475322171,3429.83,356183.42389999994,88889.9,9235686.139100002,22059.39,2288915.3965,111046.08000000002,11539696.351400003
2026-04-29T00:00:09.000427Z,2026-04-29T00:00:08.114000Z,1777420808114,BRENTOIL,xyz:BRENTOIL,103.87,24.63,2,103.88,10.68,1,103.875,0.009999999999990905,0.9626955475322171,2318.84,240806.271,89267.48999999999,9274925.291900001,20816.91,2159903.1636,111354.2,11571701.230000002
2026-04-29T00:00:10.000369Z,2026-04-29T00:00:09.203000Z,1777420809203,BRENTOIL,xyz:BRENTOIL,103.87,24.63,2,103.88,10.68,1,103.875,0.009999999999990905,0.9626955475322171,2318.84,240806.271,89246.3,9272722.817000004,20991.89,2178055.2772,111453.28,11582007.315300003
2026-04-29T00:00:11.000939Z,2026-04-29T00:00:09.744000Z,1777420809744,BRENTOIL,xyz:BRENTOIL,103.87,24.63,2,103.88,11.43,2,103.875,0.009999999999990905,0.9626955475322171,2299.39,238786.58299999998,89607.68000000001,9310266.577700002,20972.44,2176035.5892,111824.28,11620551.1712
2026-04-29T00:00:12.000917Z,2026-04-29T00:00:10.383000Z,1777420810383,BRENTOIL,xyz:BRENTOIL,103.87,24.63,2,103.88,11.43,2,103.875,0.009999999999990905,0.9626955475322171,2299.92,238841.6288,89592.34,9308672.558900002,21009.670000000002,2179900.139,111828.18,11620957.054200001
2026-04-29T00:00:13.746814Z,2026-04-29T00:00:13.018000Z,1777420813018,BRENTOIL,xyz:BRENTOIL,103.83,28.88,3,103.87,531.68,5,103.85,0.04000000000000625,3.8517091959563077,3420.04,355017.0204,91458.26000000001,9502488.9789,25157.899999999998,2609376.9584000004,114489.91,11897419.537799997
2026-04-29T00:00:14.729894Z,2026-04-29T00:00:14.088000Z,1777420814088,BRENTOIL,xyz:BRENTOIL,103.84,1010.99,1,103.86,61.21,2,103.85,0.01999999999999602,1.9258545979774697,3134.28,325408.98919999995,90039.78,9355086.468799999,26878.84,2788086.413,113865.68000000001,11832418.462799996
2026-04-29T00:00:15.385212Z,2026-04-29T00:00:14.628000Z,1777420814628,BRENTOIL,xyz:BRENTOIL,103.84,1032.42,3,103.86,71.89,3,103.85,0.01999999999999602,1.9258545979774697,3155.71,327634.28040000005,90011.90999999999,9352191.3983,26139.93,2711400.5869000005,113837.17,11829456.877099998
2026-04-29T00:00:16.205461Z,2026-04-29T00:00:15.728000Z,1777420815728,BRENTOIL,xyz:BRENTOIL,103.84,1032.42,3,103.86,71.89,3,103.85,0.01999999999999602,1.9258545979774697,3155.71,327634.28040000005,90035.98,9354692.271300001,26151.589999999997,2712621.9465000005,113836.05000000002,11829339.0313
2026-04-29T00:00:17.024398Z,2026-04-29T00:00:16.290000Z,1777420816290,BRENTOIL,xyz:BRENTOIL,103.84,1032.42,3,103.86,89.54,4,103.85,0.01999999999999602,1.9258545979774697,3155.71,327634.28040000005,90053.63,9356525.400300002,26151.6,2712626.5937000006,113853.14000000001,11831113.9595
2026-04-29T00:00:18.826965Z,2026-04-29T00:00:17.932000Z,1777420817932,BRENTOIL,xyz:BRENTOIL,103.84,1010.57,1,103.85,165.25,4,103.845,0.009999999999990905,0.9629736626694502,3089.0600000000004,320657.86300000007,3954.4,410797.45480000007,25825.65,2678355.5223000003,111005.20999999999,11534921.2664
2026-04-29T00:00:19.482541Z,2026-04-29T00:00:18.985000Z,1777420818985,BRENTOIL,xyz:BRENTOIL,103.8,3.82,1,103.81,200.0,2,103.805,0.010000000000005116,0.9633447329131656,1712.1399999999999,177665.63929999998,3479.41,361283.44739999995,23700.68,2457225.5114,108663.04000000001,11290364.214200001
2026-04-29T00:00:20.138142Z,2026-04-29T00:00:19.538000Z,1777420819538,BRENTOIL,xyz:BRENTOIL,103.78,23.08,1,103.79,100.0,1,103.785,0.010000000000005116,0.9635303752955742,1812.62,188057.24869999997,3117.58,323675.3569,26957.690000000002,2794327.7013000003,112768.81,11716628.0579
2026-04-29T00:00:21.120052Z,2026-04-29T00:00:20.624000Z,1777420820624,BRENTOIL,xyz:BRENTOIL,103.77,1402.59,2,103.78,345.48,1,103.775,0.010000000000005116,0.9636232233201749,3958.42,410683.04469999997,1404.57,145796.6202,26565.030000000006,2753669.9931,106833.29000000002,11100081.1498
2026-04-29T00:00:22.001080Z,2026-04-29T00:00:21.150000Z,1777420821150,BRENTOIL,xyz:BRENTOIL,103.78,192.91,4,103.8,27.1,2,103.78999999999999,0.01999999999999602,1.9269679159838156,5179.030000000001,537360.8057,1157.24,120154.4553,29479.739999999998,3056005.959200001,108761.59999999999,11300661.116199998
2026-04-29T00:00:23.001518Z,2026-04-29T00:00:22.747000Z,1777420822747,BRENTOIL,xyz:BRENTOIL,103.8,24.63,2,103.81,115.11,3,103.805,0.010000000000005116,0.9633447329131656,4024.84,417681.91200000007,3816.7200000000003,396321.9321999999,23806.74,2468564.6620000005,112569.86999999998,11696432.3391
2026-04-29T00:00:24.071084Z,2026-04-29T00:00:23.278000Z,1777420823278,BRENTOIL,xyz:BRENTOIL,103.8,23.18,2,103.81,115.11,3,103.805,0.010000000000005116,0.9633447329131656,3652.83,379074.6852,3816.7200000000003,396321.9321999999,23458.35,2432406.5107000005,112581.21999999997,11697611.782799998
2026-04-29T00:00:25.000474Z,2026-04-29T00:00:24.369000Z,1777420824369,BRENTOIL,xyz:BRENTOIL,103.8,2.81,1,103.81,199.2,8,103.805,0.010000000000005116,0.9633447329131656,1373.44,142494.4391,5569.46,578305.5342000001,25924.010000000002,2687009.0461,113485.28999999996,11791403.1316
2026-04-29T00:00:26.001074Z,2026-04-29T00:00:25.506000Z,1777420825506,BRENTOIL,xyz:BRENTOIL,103.77,1025.57,2,103.78,84.47,3,103.775,0.010000000000005116,0.9636232233201749,4307.75,446914.73549999995,3074.31,319151.4896,27553.23,2856026.5639,113069.94000000002,11747803.4493
2026-04-29T00:00:27.017787Z,2026-04-29T00:00:26.582000Z,1777420826582,BRENTOIL,xyz:BRENTOIL,103.77,15.19,2,103.78,91.69,4,103.775,0.010000000000005116,0.9636232233201749,4640.26,481399.2229,3101.9700000000003,322014.85029999993,27812.88,2882958.5993,113122.56000000001,11753259.0938
2026-04-29T00:00:28.495514Z,2026-04-29T00:00:27.679000Z,1777420827679,BRENTOIL,xyz:BRENTOIL,103.77,15.0,1,103.78,92.17,5,103.775,0.010000000000005116,0.9636232233201749,4640.07,481379.352,3101.9700000000003,322014.84549999994,27851.65,2886975.4094,113117.59000000001,11752742.902900001
2026-04-29T00:00:29.328369Z,2026-04-29T00:00:28.758000Z,1777420828758,BRENTOIL,xyz:BRENTOIL,103.76,0.42,1,103.77,100.0,1,103.765,0.009999999999990905,0.9637160892392334,3646.52,378286.6021,3211.67,333371.1492,28287.720000000005,2931944.713999999,111104.48000000001,11543177.200800002
2026-04-29T00:00:30.296377Z,2026-04-29T00:00:29.839000Z,1777420829839,BRENTOIL,xyz:BRENTOIL,103.76,0.42,1,103.77,26.68,1,103.765,0.009999999999990905,0.9637160892392334,4669.590000000001,484429.9904000001,2821.1500000000005,292834.894,29633.47000000001,3071520.3521,111044.75000000001,11536993.301600002
2026-04-29T00:00:31.116919Z,2026-04-29T00:00:30.347000Z,1777420830347,BRENTOIL,xyz:BRENTOIL,103.76,0.42,1,103.77,26.68,1,103.765,0.009999999999990905,0.9637160892392334,4645.500000000001,481931.3756000001,2821.1500000000005,292834.894,29652.75,3073524.9806999997,111028.87000000001,11535344.004800001
2026-04-29T00:00:32.001190Z,2026-04-29T00:00:31.419000Z,1777420831419,BRENTOIL,xyz:BRENTOIL,103.76,0.42,1,103.77,128.19,7,103.765,0.009999999999990905,0.9637160892392334,1418.3,147093.90529999998,6192.089999999999,642704.8535,25080.56,2599100.5557000004,114793.90000000002,11926020.9318
2026-04-29T00:00:33.000884Z,2026-04-29T00:00:32.472000Z,1777420832472,BRENTOIL,xyz:BRENTOIL,103.74,0.11,1,103.76,3.28,1,103.75,0.020000000000010232,1.92771084337448,2968.2400000000002,307803.4781,3427.68,355724.7385,22683.629999999997,2350464.3087000004,108568.31,11279408.0256
2026-04-29T00:00:34.098473Z,2026-04-29T00:00:33.556000Z,1777420833556,BRENTOIL,xyz:BRENTOIL,103.74,0.11,1,103.75,313.81,8,103.745,0.010000000000005116,0.9639018747896395,3789.59,392984.66209999996,4709.09,488696.4557,23271.369999999995,2411551.7481000004,112660.46999999999,11704189.4256
2026-04-29T00:00:35.000616Z,2026-04-29T00:00:34.106000Z,1777420834106,BRENTOIL,xyz:BRENTOIL,103.74,2.32,2,103.75,313.81,8,103.745,0.010000000000005116,0.9639018747896395,3767.71,390715.79449999996,5190.99,538698.3997,23273.599999999995,2411782.1232000003,113184.65,11758585.284599999
2026-04-29T00:00:36.000242Z,2026-04-29T00:00:35.196000Z,1777420835196,BRENTOIL,xyz:BRENTOIL,103.74,2.32,2,103.75,333.97,9,103.745,0.010000000000005116,0.9639018747896395,3767.71,390715.79449999996,5174.629999999999,537000.3193000001,23663.789999999997,2452189.7934,113154.82999999999,11755488.8448
2026-04-29T00:00:37.001120Z,2026-04-29T00:00:36.266000Z,1777420836266,BRENTOIL,xyz:BRENTOIL,103.74,2.32,2,103.75,345.59,10,103.745,0.010000000000005116,0.9639018747896395,2707.06,280704.91250000003,6162.57,639551.7413999999,23416.759999999995,2426364.4164000005,112901.03,11729092.882499998
2026-04-29T00:00:38.000988Z,2026-04-29T00:00:37.353000Z,1777420837353,BRENTOIL,xyz:BRENTOIL,103.74,3.89,3,103.75,697.99,12,103.745,0.010000000000005116,0.9639018747896395,2831.65,293630.51780000003,6514.97,676114.1041,22451.73,2326514.0866,113253.43,11765655.245199999
2026-04-29T00:00:39.000942Z,2026-04-29T00:00:38.454000Z,1777420838454,BRENTOIL,xyz:BRENTOIL,103.72,361.23,1,103.75,1071.93,11,103.735,0.030000000000001137,2.89198438328444,4132.01,428419.3073,7286.75,756171.0861999999,22755.69,2357677.647,114025.20999999999,11845711.743099999
2026-04-29T00:00:40.000849Z,2026-04-29T00:00:39.479000Z,1777420839479,BRENTOIL,xyz:BRENTOIL,103.7,214.48,5,103.71,135.93,2,103.705,0.009999999999990905,0.9642736608640765,4639.68,481039.2147,1793.0,186032.44350000002,24466.35,2534861.9821,110767.27,11507237.275
2026-04-29T00:00:41.001017Z,2026-04-29T00:00:40.569000Z,1777420840569,BRENTOIL,xyz:BRENTOIL,103.72,109.63,3,103.73,7.5,4,103.725,0.010000000000005116,0.9640877319841038,5587.98,579473.8217,952.22,98808.75,26242.989999999998,2719393.2384,109552.1,11381219.425200002
2026-04-29T00:00:42.000571Z,2026-04-29T00:00:41.170000Z,1777420841170,BRENTOIL,xyz:BRENTOIL,103.72,287.65,7,103.73,2.94,2,103.725,0.010000000000005116,0.9640877319841038,5767.4,598087.1438,537.3,55755.31609999999,26664.78,2763102.7228000006,111667.58,11601334.194899999
2026-04-29T00:00:43.075685Z,2026-04-29T00:00:42.250000Z,1777420842250,BRENTOIL,xyz:BRENTOIL,103.75,12.59,2,103.76,1.13,1,103.755,0.010000000000005116,0.9638089730620323,5899.78,611934.5157999999,2300.26,238750.8609,24875.25,2578298.5029999996,112449.1,11682639.105299998
2026-04-29T00:00:44.001377Z,2026-04-29T00:00:43.300000Z,1777420843300,BRENTOIL,xyz:BRENTOIL,103.75,19.17,3,103.76,13.08,1,103.755,0.010000000000005116,0.9638089730620323,4902.780000000001,508526.90910000005,2525.05,262083.38270000002,23747.02,2461279.5642,112923.4,11731874.706199998
2026-04-29T00:00:45.000370Z,2026-04-29T00:00:44.412000Z,1777420844412,BRENTOIL,xyz:BRENTOIL,103.75,20.46,3,103.77,15.47,2,103.75999999999999,0.01999999999999602,1.9275250578253684,4485.08,465200.0703,3729.8300000000004,387151.86960000003,23724.11,2458875.2115,115107.95,11958980.866799997
2026-04-29T00:00:46.000757Z,2026-04-29T00:00:45.462000Z,1777420845462,BRENTOIL,xyz:BRENTOIL,103.75,20.46,3,103.77,13.81,2,103.75999999999999,0.01999999999999602,1.9275250578253684,4494.72,466199.8347,3718.53,385979.17220000003,23420.83,2427438.6527,115109.40000000001,11959124.660499997
2026-04-29T00:00:47.000821Z,2026-04-29T00:00:46.542000Z,1777420846542,BRENTOIL,xyz:BRENTOIL,103.76,12.84,1,103.77,370.92,6,103.765,0.009999999999990905,0.9637160892392334,1923.7999999999997,199566.191,5373.67,557770.8761,22905.67,2374071.4146000003,116765.15,12130979.500299998
2026-04-29T00:00:48.318125Z,2026-04-29T00:00:47.707000Z,1777420847707,BRENTOIL,xyz:BRENTOIL,103.76,9.47,2,103.77,15.05,3,103.765,0.009999999999990905,0.9637160892392334,2265.91,235049.76870000002,5025.43,521634.0876,22407.010000000002,2322358.1583,116416.90999999999,12094842.711799998
2026-04-29T00:00:49.001140Z,2026-04-29T00:00:48.250000Z,1777420848250,BRENTOIL,xyz:BRENTOIL,103.76,9.47,2,103.77,15.05,3,103.765,0.009999999999990905,0.9637160892392334,2275.5,236044.73119999998,3003.5099999999998,311760.23329999996,22768.06,2359797.3529,114478.41,11893629.493399996
2026-04-29T00:00:50.000164Z,2026-04-29T00:00:49.288000Z,1777420849288,BRENTOIL,xyz:BRENTOIL,103.76,20.76,3,103.77,17.9,4,103.765,0.009999999999990905,0.9637160892392334,2285.74,237107.41930000004,2866.63,297553.40109999996,23158.66,2400310.4987,114486.04000000001,11894434.4389
2026-04-29T00:00:51.000694Z,2026-04-29T00:00:50.374000Z,1777420850374,BRENTOIL,xyz:BRENTOIL,103.76,1020.89,3,103.77,17.9,4,103.765,0.009999999999990905,0.9637160892392334,3656.6000000000004,379336.6347,2866.63,297553.40109999996,23707.88,2457333.0951,114444.04000000001,11890069.798899999
2026-04-29T00:00:52.000753Z,2026-04-29T00:00:51.487000Z,1777420851487,BRENTOIL,xyz:BRENTOIL,103.77,997.89,1,103.78,2.83,1,103.775,0.010000000000005116,0.9636232233201749,2745.84,284880.9493,2985.73,309956.2125,24197.1,2508063.0849,113301.59999999999,11771738.551299999
2026-04-29T00:00:53.728080Z,2026-04-29T00:00:53.121000Z,1777420853121,BRENTOIL,xyz:BRENTOIL,103.77,1000.73,2,103.78,16.44,4,103.775,0.010000000000005116,0.9636232233201749,2937.3500000000004,304749.8458,4000.33,415281.027,24261.47,2514778.6936,114316.17,11877060.250599999
2026-04-29T00:00:54.708821Z,2026-04-29T00:00:54.198000Z,1777420854198,BRENTOIL,xyz:BRENTOIL,103.77,1000.73,2,103.78,10.27,3,103.775,0.010000000000005116,0.9636232233201749,3282.91,340594.57129999995,3944.73,409510.36470000003,24471.579999999998,2536588.5814000005,114259.48999999999,11871189.056499999
2026-04-29T00:00:55.515062Z,2026-04-29T00:00:54.701000Z,1777420854701,BRENTOIL,xyz:BRENTOIL,103.77,1000.73,2,103.78,18.39,4,103.775,0.010000000000005116,0.9636232233201749,3278.75,340163.2278,4001.0099999999998,415352.06629999995,24528.64,2542504.4413,114286.90999999999,11874031.0497
2026-04-29T00:00:56.188309Z,2026-04-29T00:00:55.782000Z,1777420855782,BRENTOIL,xyz:BRENTOIL,103.77,1001.17,3,103.78,18.39,4,103.775,0.010000000000005116,0.9636232233201749,2838.15,294457.40739999997,4001.0099999999998,415352.06629999995,24449.079999999998,2534245.6897,114286.90999999999,11874031.0497
2026-04-29T00:00:57.000225Z,2026-04-29T00:00:56.326000Z,1777420856326,BRENTOIL,xyz:BRENTOIL,103.77,1001.17,3,103.78,18.39,4,103.775,0.010000000000005116,0.9636232233201749,2838.15,294457.40739999997,4001.0099999999998,415352.06629999995,24449.079999999998,2534245.6897,114286.90999999999,11874031.0497
2026-04-29T00:00:58.000194Z,2026-04-29T00:00:57.958000Z,1777420857958,BRENTOIL,xyz:BRENTOIL,103.77,3.28,2,103.78,33.5,5,103.775,0.010000000000005116,0.9636232233201749,2855.98,296297.2617,4292.08,445579.9537,24399.46,2529070.5806,114286.91999999998,11874017.803099997
2026-04-29T00:00:59.295860Z,2026-04-29T00:00:58.497000Z,1777420858497,BRENTOIL,xyz:BRENTOIL,103.77,3.28,2,103.78,33.5,5,103.775,0.010000000000005116,0.9636232233201749,2855.98,296297.2617,4292.08,445579.9537,24418.719999999998,2531070.5863000005,114286.91999999998,11874017.803099997
2026-04-29T00:01:00.000381Z,2026-04-29T00:00:59.568000Z,1777420859568,BRENTOIL,xyz:BRENTOIL,103.76,1.63,1,103.78,401.15,7,103.77000000000001,0.01999999999999602,1.9273393080848047,1577.98,163655.04750000002,5121.78,531687.3302,22653.709999999995,2347652.1326999995,113188.55,11759915.975599999
2026-04-29T00:01:01.000879Z,2026-04-29T00:01:00.102000Z,1777420860102,BRENTOIL,xyz:BRENTOIL,103.76,1014.11,2,103.77,259.79,8,103.765,0.009999999999990905,0.9637160892392334,1277.61,132556.9188,4263.83,442574.62640000007,23295.15,2414290.9309,112489.42,11686953.631499998
2026-04-29T00:01:02.001219Z,2026-04-29T00:01:01.195000Z,1777420861195,BRENTOIL,xyz:BRENTOIL,103.76,29.02,3,103.8,19.26,2,103.78,0.03999999999999204,3.854307188282139,4537.25,470681.95550000004,3779.56,392440.2115,26049.100000000002,2700019.9707,114002.59,11845058.148899999
2026-04-29T00:01:03.001396Z,2026-04-29T00:01:02.801000Z,1777420862801,BRENTOIL,xyz:BRENTOIL,103.77,1006.27,1,103.78,129.13,5,103.775,0.010000000000005116,0.9636232233201749,5092.69,528334.9402999999,3381.0200000000004,350970.5409,27047.43,2803580.9753,115024.44999999998,11950737.0064
2026-04-29T00:01:23.232767Z,2026-04-29T00:01:22.386000Z,1777420882386,BRENTOIL,xyz:BRENTOIL,103.73,0.78,2,103.74,13.07,1,103.735,0.009999999999990905,0.9639947944272333,3582.01,371458.43330000003,2862.81,297079.874,23702.87,2456219.677,109859.35999999999,11413379.2174
2026-04-29T00:01:23.692045Z,2026-04-29T00:01:22.926000Z,1777420882926,BRENTOIL,xyz:BRENTOIL,103.73,0.78,2,103.74,18.69,2,103.735,0.009999999999990905,0.9639947944272333,3283.4,340489.8794,2868.44,297663.44850000006,23409.49,2425795.928,109864.98999999999,11413962.7919
2026-04-29T00:01:24.201832Z,2026-04-29T00:01:23.479000Z,1777420883479,BRENTOIL,xyz:BRENTOIL,103.73,1012.59,3,103.74,18.69,2,103.735,0.009999999999990905,0.9639947944272333,5025.58,521194.81749999995,2873.23,298160.411,24737.81,2563613.6556999995,109869.77999999998,11414459.7544
2026-04-29T00:01:24.638746Z,2026-04-29T00:01:24.007000Z,1777420884007,BRENTOIL,xyz:BRENTOIL,103.73,1012.59,3,103.74,18.69,2,103.735,0.009999999999990905,0.9639947944272333,5043.07,523008.53049999994,2873.23,298160.411,24803.5,2570423.2986999997,109869.77999999998,11414459.7544
2026-04-29T00:01:25.063543Z,2026-04-29T00:01:24.565000Z,1777420884565,BRENTOIL,xyz:BRENTOIL,103.73,941.55,5,103.74,13.07,1,103.735,0.009999999999990905,0.9639947944272333,5343.29,554145.827,2395.36,248577.43840000004,28943.519999999997,2999458.6009000004,109391.90999999999,11364876.7818
2026-04-29T00:01:25.587870Z,2026-04-29T00:01:25.099000Z,1777420885099,BRENTOIL,xyz:BRENTOIL,103.74,1011.81,1,103.75,49.59,4,103.745,0.010000000000005116,0.9639018747896395,4849.82,503023.37069999997,3939.5999999999995,408849.2839,30211.529999999995,3130986.8903,113157.78,11756025.744999997
2026-04-29T00:01:26.053797Z,2026-04-29T00:01:25.639000Z,1777420885639,BRENTOIL,xyz:BRENTOIL,103.74,1011.81,1,103.75,49.59,4,103.745,0.010000000000005116,0.9639018747896395,3971.6800000000003,411942.28079999995,3910.68,405847.9663,28978.819999999996,3003140.1261,113119.14,11752012.586599998
2026-04-29T00:01:26.517479Z,2026-04-29T00:01:25.639000Z,1777420885639,BRENTOIL,xyz:BRENTOIL,103.74,1011.81,1,103.75,49.59,4,103.745,0.010000000000005116,0.9639018747896395,3971.6800000000003,411942.28079999995,3910.68,405847.9663,28978.819999999996,3003140.1261,113119.14,11752012.586599998
2026-04-29T00:01:26.982049Z,2026-04-29T00:01:26.172000Z,1777420886172,BRENTOIL,xyz:BRENTOIL,103.74,1778.82,2,103.75,49.59,4,103.745,0.010000000000005116,0.9639018747896395,4738.6900000000005,491511.89819999994,3920.3199999999997,406848.5019,29745.829999999998,3082709.7435,113905.43,11833660.072599998
2026-04-29T00:01:27.420212Z,2026-04-29T00:01:26.713000Z,1777420886713,BRENTOIL,xyz:BRENTOIL,103.74,1778.82,2,103.75,49.59,4,103.745,0.010000000000005116,0.9639018747896395,4227.13,438452.75059999997,3583.5999999999995,371903.5081,29234.269999999997,3029650.5959,113508.45,11792457.1977
2026-04-29T00:01:27.860453Z,2026-04-29T00:01:27.246000Z,1777420887246,BRENTOIL,xyz:BRENTOIL,103.74,1778.82,2,103.75,49.59,4,103.745,0.010000000000005116,0.9639018747896395,4319.86,448070.6416,3944.3899999999994,409346.2943,29326.999999999996,3039268.0049,113876.4,11830643.4783
2026-04-29T00:01:28.471046Z,2026-04-29T00:01:27.792000Z,1777420887792,BRENTOIL,xyz:BRENTOIL,103.74,1778.82,2,103.75,52.1,5,103.745,0.010000000000005116,0.9639018747896395,3949.4300000000003,409649.642,3946.8999999999996,409606.7068,28956.57,3000847.0052999994,113878.90999999999,11830903.8908
2026-04-29T00:01:28.949746Z,2026-04-29T00:01:28.414000Z,1777420888414,BRENTOIL,xyz:BRENTOIL,103.74,1773.82,2,103.75,52.1,5,103.745,0.010000000000005116,0.9639018747896395,4000.27,414923.0345,3946.8999999999996,409606.7068,28997.769999999997,3005120.8262,113878.90999999999,11830903.8908
2026-04-29T00:01:29.479036Z,2026-04-29T00:01:28.964000Z,1777420888964,BRENTOIL,xyz:BRENTOIL,103.74,1773.82,2,103.75,63.26,6,103.745,0.010000000000005116,0.9639018747896395,4274.82,443392.1441,4360.879999999999,452564.1907,29378.35,3044584.1865,113541.84999999999,11795872.6872
2026-04-29T00:01:29.902803Z,2026-04-29T00:01:29.517000Z,1777420889517,BRENTOIL,xyz:BRENTOIL,103.74,733.2,1,103.75,63.26,6,103.745,0.010000000000005116,0.9639018747896395,3069.2900000000004,318337.1053,3967.68,411757.8947,28066.789999999997,2908534.897,113915.65999999999,11834712.9409
2026-04-29T00:01:30.323919Z,2026-04-29T00:01:29.517000Z,1777420889517,BRENTOIL,xyz:BRENTOIL,103.74,733.2,1,103.75,63.26,6,103.745,0.010000000000005116,0.9639018747896395,3069.2900000000004,318337.1053,3967.68,411757.8947,28066.789999999997,2908534.897,113915.65999999999,11834712.9409
2026-04-29T00:01:30.813746Z,2026-04-29T00:01:30.043000Z,1777420890043,BRENTOIL,xyz:BRENTOIL,103.74,0.12,1,103.75,52.1,5,103.745,0.010000000000005116,0.9639018747896395,3259.26,338038.074,3956.64,410625.5218,28714.01,2975645.4736,113911.52999999998,11834290.4323
2026-04-29T00:01:31.301883Z,2026-04-29T00:01:30.604000Z,1777420890604,BRENTOIL,xyz:BRENTOIL,103.74,0.12,1,103.75,52.1,5,103.745,0.010000000000005116,0.9639018747896395,2337.75,242447.29630000002,3909.9,405776.2616,27628.629999999997,2863040.4546,113864.79,11829441.1721
2026-04-29T00:01:31.727263Z,2026-04-29T00:01:31.140000Z,1777420891140,BRENTOIL,xyz:BRENTOIL,103.74,1011.81,3,103.75,48.81,4,103.745,0.010000000000005116,0.9639018747896395,3637.0200000000004,377229.0822,2486.74,258080.62540000002,28927.899999999998,2997822.8127000006,109797.77999999998,11407289.1702
2026-04-29T00:01:32.200987Z,2026-04-29T00:01:31.677000Z,1777420891677,BRENTOIL,xyz:BRENTOIL,103.74,1091.81,4,103.75,46.3,3,103.745,0.010000000000005116,0.9639018747896395,4211.01,436767.4126,2990.79,310390.8578,29218.149999999998,3027966.3120999997,112809.75,11719969.774
2026-04-29T00:01:32.625384Z,2026-04-29T00:01:32.214000Z,1777420892214,BRENTOIL,xyz:BRENTOIL,103.74,1203.11,5,103.75,38.24,2,103.745,0.010000000000005116,0.9639018747896395,6304.169999999999,653872.6916,1666.69,172965.1307,30628.179999999997,3174266.7540999996,111987.68,11634694.632199999
2026-04-29T00:01:33.081145Z,2026-04-29T00:01:32.214000Z,1777420892214,BRENTOIL,xyz:BRENTOIL,103.74,1203.11,5,103.75,38.24,2,103.745,0.010000000000005116,0.9639018747896395,6304.169999999999,653872.6916,1666.69,172965.1307,30628.179999999997,3174266.7540999996,111987.68,11634694.632199999
2026-04-29T00:01:33.578203Z,2026-04-29T00:01:32.778000Z,1777420892778,BRENTOIL,xyz:BRENTOIL,103.75,973.33,1,103.76,17.45,6,103.755,0.010000000000005116,0.9638089730620323,5819.7300000000005,603677.4233,3034.92,314989.31669999997,30799.019999999997,3192087.3712999998,112613.98,11699806.165199999
2026-04-29T00:01:34.009515Z,2026-04-29T00:01:33.318000Z,1777420893318,BRENTOIL,xyz:BRENTOIL,103.75,1053.33,2,103.76,17.45,6,103.755,0.010000000000005116,0.9638089730620323,5410.039999999999,561175.9441,2914.39,302490.5285,30485.679999999997,3159554.2567,112180.48,11654802.9738
2026-04-29T00:01:34.667639Z,2026-04-29T00:01:33.830000Z,1777420893830,BRENTOIL,xyz:BRENTOIL,103.75,1740.34,2,103.76,17.45,6,103.755,0.010000000000005116,0.9638089730620323,6118.3,634657.1655,3309.17,343461.1354,31165.049999999996,3230039.874,112633.09999999999,11701781.7107
2026-04-29T00:01:35.312951Z,2026-04-29T00:01:34.927000Z,1777420894927,BRENTOIL,xyz:BRENTOIL,103.75,1740.58,4,103.76,17.45,6,103.755,0.010000000000005116,0.9638089730620323,6118.54,634682.0655,4612.0,478681.8563,31107.459999999995,3224068.285,113935.90999999999,11837004.3962
2026-04-29T00:01:35.968181Z,2026-04-29T00:01:35.465000Z,1777420895465,BRENTOIL,xyz:BRENTOIL,103.75,973.57,3,103.76,17.45,6,103.755,0.010000000000005116,0.9638089730620323,4746.400000000001,492330.22229999996,4568.66,474179.1649,29793.159999999996,3087713.4858999997,114787.87999999999,11925469.945799999
2026-04-29T00:01:36.786173Z,2026-04-29T00:01:36.003000Z,1777420896003,BRENTOIL,xyz:BRENTOIL,103.75,968.69,4,103.76,55.63,2,103.755,0.010000000000005116,0.9638089730620323,5676.75,588833.648,4626.24,480154.3417,30723.509999999995,3184216.9116,115631.74999999999,12013085.324099999
2026-04-29T00:01:37.442987Z,2026-04-29T00:01:36.549000Z,1777420896549,BRENTOIL,xyz:BRENTOIL,103.75,968.81,5,103.76,67.26,5,103.755,0.010000000000005116,0.9638089730620323,5676.39,588796.3076,4626.5599999999995,480187.22109999997,30665.309999999998,3178182.1415999997,115632.06999999999,12013118.203499999
2026-04-29T00:01:38.108117Z,2026-04-29T00:01:37.650000Z,1777420897650,BRENTOIL,xyz:BRENTOIL,103.75,969.36,7,103.76,70.14,6,103.755,0.010000000000005116,0.9638089730620323,5676.9400000000005,588853.3701,4639.2,481499.0379,30665.859999999997,3178239.2040999997,115644.70999999999,12014430.020299999
2026-04-29T00:01:38.753624Z,2026-04-29T00:01:38.189000Z,1777420898189,BRENTOIL,xyz:BRENTOIL,103.75,969.36,7,103.76,21.96,5,103.755,0.010000000000005116,0.9638089730620323,5243.8,543927.4449,4639.200000000001,481499.51970000006,30290.569999999996,3139335.3577999994,115658.18,12015830.0351
2026-04-29T00:01:39.410349Z,2026-04-29T00:01:38.726000Z,1777420898726,BRENTOIL,xyz:BRENTOIL,103.75,1736.37,8,103.76,21.96,5,103.755,0.010000000000005116,0.9638089730620323,6016.3099999999995,624075.1924,4629.5599999999995,480498.9841,31063.079999999998,3219483.1053,115648.31999999999,12014806.773999998
2026-04-29T00:01:40.064929Z,2026-04-29T00:01:39.260000Z,1777420899260,BRENTOIL,xyz:BRENTOIL,103.75,1731.49,9,103.76,21.96,5,103.755,0.010000000000005116,0.9638089730620323,6011.43,623568.8924,4624.889999999999,480014.2824,31000.37,3212979.8343,115630.4,12012945.2648
2026-04-29T00:01:40.613434Z,2026-04-29T00:01:39.805000Z,1777420899805,BRENTOIL,xyz:BRENTOIL,103.75,1731.49,9,103.76,21.96,5,103.755,0.010000000000005116,0.9638089730620323,6011.040000000001,623529.7151,3150.4800000000005,326985.9072,31018.26,3214833.7342,114155.54,11859875.7162
2026-04-29T00:01:41.210944Z,2026-04-29T00:01:40.343000Z,1777420900343,BRENTOIL,xyz:BRENTOIL,103.75,1811.61,11,103.76,21.96,5,103.755,0.010000000000005116,0.9638089730620323,6091.16,631842.1651000001,3182.12,330270.1295,31102.0,3223559.2734999997,113433.24999999999,11784880.432999998
2026-04-29T00:01:41.868287Z,2026-04-29T00:01:41.446000Z,1777420901446,BRENTOIL,xyz:BRENTOIL,103.75,959.72,10,103.76,77.08,7,103.755,0.010000000000005116,0.9638089730620323,5241.39,543677.5856,3690.1800000000003,382995.364,30267.39,3136945.1025,113928.23,11836246.524699999
2026-04-29T00:01:42.687981Z,2026-04-29T00:01:41.984000Z,1777420901984,BRENTOIL,xyz:BRENTOIL,103.75,956.83,10,103.76,82.56,8,103.755,0.010000000000005116,0.9638089730620323,5238.7699999999995,543405.7552,3209.09,333067.6863,30206.929999999993,3130675.8425,114213.65999999999,11865912.418499999
2026-04-29T00:01:43.505039Z,2026-04-29T00:01:43.073000Z,1777420903073,BRENTOIL,xyz:BRENTOIL,103.75,940.37,12,103.76,76.85,7,103.755,0.010000000000005116,0.9638089730620323,5608.5599999999995,581764.2402,3375.91,350374.50950000004,30573.839999999997,3168735.6714999997,114631.16999999998,11909242.953499999
2026-04-29T00:01:44.161177Z,2026-04-29T00:01:43.616000Z,1777420903616,BRENTOIL,xyz:BRENTOIL,103.75,940.49,13,103.76,76.85,7,103.755,0.010000000000005116,0.9638089730620323,5989.17,621252.4916,3398.67,352736.54110000003,30954.449999999997,3208223.9228999997,114653.92999999998,11911604.9851
2026-04-29T00:01:44.816415Z,2026-04-29T00:01:44.152000Z,1777420904152,BRENTOIL,xyz:BRENTOIL,103.75,940.61,14,103.76,76.85,7,103.755,0.010000000000005116,0.9638089730620323,5989.289999999999,621264.9416,3398.79,352748.9935,30954.569999999992,3208236.3729,114654.04999999999,11911617.4375
2026-04-29T00:01:45.431121Z,2026-04-29T00:01:44.690000Z,1777420904690,BRENTOIL,xyz:BRENTOIL,103.75,940.61,14,103.76,76.85,7,103.755,0.010000000000005116,0.9638089730620323,5989.289999999999,621264.9416,3389.1499999999996,351748.5543000001,30954.569999999992,3208236.3729,114644.40999999999,11910616.9983
2026-04-29T00:01:46.128132Z,2026-04-29T00:01:45.233000Z,1777420905233,BRENTOIL,xyz:BRENTOIL,103.75,935.73,15,103.76,76.85,7,103.755,0.010000000000005116,0.9638089730620323,5618.400000000001,582792.3931,3398.91,352761.44590000005,30583.61,3169762.349,114767.75999999998,11923413.1478
2026-04-29T00:01:46.829823Z,2026-04-29T00:01:46.299000Z,1777420906299,BRENTOIL,xyz:BRENTOIL,103.75,935.85,16,103.76,78.86,8,103.755,0.010000000000005116,0.9638089730620323,5982.88,620599.9715,3401.04,352982.45590000006,30948.089999999997,3207569.9274,114673.55999999998,11913633.9001
2026-04-29T00:01:47.438231Z,2026-04-29T00:01:46.866000Z,1777420906866,BRENTOIL,xyz:BRENTOIL,103.75,2.56,15,103.76,78.86,8,103.755,0.010000000000005116,0.9638089730620323,5058.48,524694.6357999999,3401.04,352982.45590000006,30023.689999999995,3111664.1096999994,114673.55999999998,11913633.9001
2026-04-29T00:01:48.277909Z,2026-04-29T00:01:47.402000Z,1777420907402,BRENTOIL,xyz:BRENTOIL,103.75,2.68,16,103.76,264.49,15,103.755,0.010000000000005116,0.9638089730620323,615.09,63788.4636,5117.12,531060.812,16959.06,1756924.1191,111382.81,11571796.5878
2026-04-29T00:01:49.000943Z,2026-04-29T00:01:48.476000Z,1777420908476,BRENTOIL,xyz:BRENTOIL,103.71,856.76,4,103.72,3.29,1,103.715,0.010000000000005116,0.9641806874613233,3615.0,374821.3907,3312.88,343705.3985,25910.719999999998,2684392.6204000004,108869.74,11309883.258100001
2026-04-29T00:01:50.001064Z,2026-04-29T00:01:49.570000Z,1777420909570,BRENTOIL,xyz:BRENTOIL,103.71,79.78,4,103.72,11.15,2,103.715,0.010000000000005116,0.9641806874613233,3667.71,380270.1932,3513.11,364471.64749999996,26667.55,2762792.1153,109093.11,11333047.911400001
2026-04-29T00:01:51.000953Z,2026-04-29T00:01:50.104000Z,1777420910104,BRENTOIL,xyz:BRENTOIL,103.71,0.83,3,103.72,66.42,3,103.715,0.010000000000005116,0.9641806874613233,3726.55,386370.0764,4058.7599999999998,421083.0342,26397.879999999997,2734874.5122,109076.83,11331320.951400002
2026-04-29T00:01:52.000401Z,2026-04-29T00:01:51.198000Z,1777420911198,BRENTOIL,xyz:BRENTOIL,103.7,1363.77,4,103.72,20.79,3,103.71000000000001,0.01999999999999602,1.9284543438430257,4822.71,500035.5125,4213.94,437181.1861,29231.499999999996,3028337.2342000003,109174.17,11341416.1838
2026-04-29T00:01:53.001346Z,2026-04-29T00:01:52.309000Z,1777420912309,BRENTOIL,xyz:BRENTOIL,103.7,1358.89,4,103.72,28.65,4,103.71000000000001,0.01999999999999602,1.9284543438430257,5165.16,535533.6843000001,4207.95,436559.7648,29583.579999999998,3064832.3995000003,109202.67,11344375.0347
2026-04-29T00:01:54.001164Z,2026-04-29T00:01:53.383000Z,1777420913383,BRENTOIL,xyz:BRENTOIL,103.7,1359.01,5,103.71,61.56,2,103.705,0.009999999999990905,0.9642736608640765,5169.41,535974.368,3007.2799999999997,311971.2695,29968.479999999996,3104715.3619000004,107973.45999999999,11216615.417000001
2026-04-29T00:01:55.001049Z,2026-04-29T00:01:54.466000Z,1777420914466,BRENTOIL,xyz:BRENTOIL,103.7,1359.13,6,103.71,6.8,2,103.705,0.009999999999990905,0.9642736608640765,5169.53,535985.9493,2952.64,306304.5563,29607.23,3067289.0111000002,107468.38,11164179.6085
2026-04-29T00:01:56.000275Z,2026-04-29T00:01:55.557000Z,1777420915557,BRENTOIL,xyz:BRENTOIL,103.7,1359.25,7,103.71,10.14,4,103.705,0.009999999999990905,0.9642736608640765,5066.92,525347.0426,2956.1,306663.39410000003,29531.62,3059448.4131,107411.09999999999,11158235.7922
2026-04-29T00:01:57.000415Z,2026-04-29T00:01:56.094000Z,1777420916094,BRENTOIL,xyz:BRENTOIL,103.69,4.13,1,103.71,127.21,10,103.69999999999999,0.01999999999999602,1.9286403085820658,1914.33,198424.3044,4101.31,425434.96150000003,23571.31,2441398.7513,108031.85,11222588.0431
2026-04-29T00:01:58.001409Z,2026-04-29T00:01:57.197000Z,1777420917197,BRENTOIL,xyz:BRENTOIL,103.66,341.59,1,103.7,1839.91,14,103.68,0.04000000000000625,3.8580246913586276,4984.3,516574.9996,8277.61,858567.6923000001,30064.780000000002,3113353.3415,27505.020000000004,2854908.1360000004
2026-04-29T00:01:59.000528Z,2026-04-29T00:01:58.280000Z,1777420918280,BRENTOIL,xyz:BRENTOIL,103.66,354.92,2,103.67,5.33,1,103.66499999999999,0.010000000000005116,0.9646457338547356,5002.42,518453.223,2488.5099999999998,258061.3945,30019.760000000002,3108689.7347,23265.96,2414600.7164000003
2026-04-29T00:02:00.000816Z,2026-04-29T00:01:59.371000Z,1777420919371,BRENTOIL,xyz:BRENTOIL,103.7,100.0,1,103.71,398.68,9,103.705,0.009999999999990905,0.9642736608640765,3293.25,341419.1783,3237.65,335870.96330000006,28268.31,2928362.8739,112237.68000000001,11659831.315200001
2026-04-29T00:02:01.000779Z,2026-04-29T00:02:00.413000Z,1777420920413,BRENTOIL,xyz:BRENTOIL,103.7,527.2,5,103.71,17.7,5,103.705,0.009999999999990905,0.9642736608640765,5698.099999999999,590784.3430999999,2987.2200000000003,309894.39379999996,28803.739999999998,2983936.2432000004,116317.66,12083253.731
2026-04-29T00:02:02.000802Z,2026-04-29T00:02:01.489000Z,1777420921489,BRENTOIL,xyz:BRENTOIL,103.7,340.72,2,103.72,14.91,7,103.71000000000001,0.01999999999999602,1.9284543438430257,4245.51,440173.04990000004,2805.4500000000003,291045.7467,27771.89,2876916.8605000004,117340.24,12189586.501200002
2026-04-29T00:02:03.001011Z,2026-04-29T00:02:02.574000Z,1777420922574,BRENTOIL,xyz:BRENTOIL,103.7,421.03,5,103.71,16.93,3,103.705,0.009999999999990905,0.9642736608640765,5743.049999999999,595442.1917,2986.3599999999997,309804.98399999994,29245.05,3029658.9449,116314.70000000001,12082947.5293
2026-04-29T00:02:04.000607Z,2026-04-29T00:02:03.128000Z,1777420923128,BRENTOIL,xyz:BRENTOIL,103.7,339.06,4,103.71,26.57,4,103.705,0.009999999999990905,0.9642736608640765,4278.54,443597.6458,3009.5,312204.872,27838.41,2883810.6957000005,116314.69,12082944.447300002
2026-04-29T00:02:05.001296Z,2026-04-29T00:02:04.170000Z,1777420924170,BRENTOIL,xyz:BRENTOIL,103.69,18.82,2,103.71,112.02,7,103.69999999999999,0.01999999999999602,1.9286403085820658,4465.17,462887.6381,3345.03,347009.6349,26965.570000000003,2793193.1763000004,116688.37000000001,12121672.727900002
2026-04-29T00:02:06.001108Z,2026-04-29T00:02:05.246000Z,1777420925246,BRENTOIL,xyz:BRENTOIL,103.69,1316.53,4,103.7,60.66,2,103.695,0.010000000000005116,0.9643666522016603,6450.579999999999,668739.9232000001,2214.87,229761.7021,29459.11,3051645.9259000006,25366.460000000003,2633379.5502
2026-04-29T00:02:07.001046Z,2026-04-29T00:02:06.421000Z,1777420926421,BRENTOIL,xyz:BRENTOIL,103.69,2083.66,6,103.7,50.66,1,103.695,0.010000000000005116,0.9643666522016603,7217.709999999999,748283.6329000001,2508.95,260263.8785,29886.85,3096058.354400001,25660.540000000005,2663881.7265999997
2026-04-29T00:02:08.001180Z,2026-04-29T00:02:07.502000Z,1777420927502,BRENTOIL,xyz:BRENTOIL,103.69,2163.78,8,103.71,26.99,7,103.69999999999999,0.01999999999999602,1.9286403085820658,6273.54,650393.9363,2990.43,310222.5722,29029.1,3007132.369600001,115888.33000000002,12038688.8343
2026-04-29T00:02:09.000809Z,2026-04-29T00:02:08.577000Z,1777420928577,BRENTOIL,xyz:BRENTOIL,103.7,420.48,2,103.71,23.39,8,103.705,0.009999999999990905,0.9642736608640765,5663.77,587217.5858,2591.6,268869.17929999996,29603.07,3066730.3570000003,115144.02,11961466.968400002
2026-04-29T00:02:10.001107Z,2026-04-29T00:02:09.096000Z,1777420929096,BRENTOIL,xyz:BRENTOIL,103.7,420.48,2,103.71,23.39,8,103.705,0.009999999999990905,0.9642736608640765,5514.759999999999,571779.5151,2616.19,271419.7541,29092.429999999997,3013805.9621000006,115168.61000000002,11964017.543200001
2026-04-29T00:02:11.000872Z,2026-04-29T00:02:10.198000Z,1777420930198,BRENTOIL,xyz:BRENTOIL,103.7,345.6,2,103.71,23.39,8,103.705,0.009999999999990905,0.9642736608640765,5439.88,564014.4591,2625.95,272432.3505,29017.55,3006040.9061000007,115178.37000000001,11965030.139600001
2026-04-29T00:02:12.000265Z,2026-04-29T00:02:11.281000Z,1777420931281,BRENTOIL,xyz:BRENTOIL,103.7,608.91,7,103.71,6.75,1,103.705,0.009999999999990905,0.9642736608640765,6221.66,645073.3794999999,2588.1099999999997,268513.0516,29293.96,3034753.9101000004,115169.02,11964082.6756
2026-04-29T00:02:13.000963Z,2026-04-29T00:02:12.321000Z,1777420932321,BRENTOIL,xyz:BRENTOIL,103.71,80.0,1,103.72,18.77,14,103.715,0.010000000000005116,0.9641806874613233,5535.33,573929.5756,2844.41,295107.0687,27687.760000000002,2868526.2452000002,116603.14000000001,12113103.3904
2026-04-29T00:02:14.001067Z,2026-04-29T00:02:13.395000Z,1777420933395,BRENTOIL,xyz:BRENTOIL,103.71,287.4,6,103.73,0.84,7,103.72,0.020000000000010232,1.9282684149643494,4640.84,481184.9147,2448.45,254061.3579,26006.950000000004,2694463.3242000006,109322.43,11357341.027199998
2026-04-29T00:02:15.000420Z,2026-04-29T00:02:14.482000Z,1777420934482,BRENTOIL,xyz:BRENTOIL,103.72,19.39,2,103.73,7.4,8,103.725,0.010000000000005116,0.9640877319841038,4103.44,425511.7965,3043.9700000000003,315851.9256,27131.870000000006,2811147.5581,112309.51999999999,11667357.648299998
2026-04-29T00:02:16.000403Z,2026-04-29T00:02:15.570000Z,1777420935570,BRENTOIL,xyz:BRENTOIL,103.73,200.0,2,103.74,0.12,1,103.735,0.009999999999990905,0.9639947944272333,4464.82,463033.0442,1639.64,170154.62180000002,24968.54,2587415.7741,114624.76000000001,11908577.5748
2026-04-29T00:02:17.000844Z,2026-04-29T00:02:16.092000Z,1777420936092,BRENTOIL,xyz:BRENTOIL,103.73,99.27,2,103.74,0.12,1,103.735,0.009999999999990905,0.9639947944272333,5291.05,548733.6565,1706.99,177143.5313,25794.77,2673116.3863999997,114595.73000000001,11905555.012600005
2026-04-29T00:02:18.001467Z,2026-04-29T00:02:17.183000Z,1777420937183,BRENTOIL,xyz:BRENTOIL,103.72,385.34,5,103.74,61.63,4,103.72999999999999,0.01999999999999602,1.9280825219315554,4065.35,421568.132,1613.35,167420.4963,27646.370000000006,2864402.2494,113913.35,11834283.793700002
2026-04-29T00:02:19.000933Z,2026-04-29T00:02:18.271000Z,1777420938271,BRENTOIL,xyz:BRENTOIL,103.73,99.76,1,103.74,135.95,7,103.735,0.009999999999990905,0.9639947944272333,3182.7699999999995,330063.87320000003,4678.46,485477.03800000006,23856.66,2472021.6964000002,114598.21,11905214.676199999
2026-04-29T00:02:20.001447Z,2026-04-29T00:02:19.306000Z,1777420939306,BRENTOIL,xyz:BRENTOIL,103.71,80.12,2,103.73,45.0,1,103.72,0.020000000000010232,1.9282684149643494,4700.610000000001,487378.7012,4208.36,436674.3713,27355.600000000006,2834168.5220000003,112101.96,11645848.399400001
2026-04-29T00:02:21.001080Z,2026-04-29T00:02:20.368000Z,1777420940368,BRENTOIL,xyz:BRENTOIL,103.7,443.87,7,103.72,54.97,2,103.71000000000001,0.01999999999999602,1.9284543438430257,4646.83,481778.0192,988.87,102587.7424,28698.620000000003,2972918.8716999996,108354.67,11256730.7569
2026-04-29T00:02:22.000973Z,2026-04-29T00:02:21.438000Z,1777420941438,BRENTOIL,xyz:BRENTOIL,103.71,180.0,2,103.72,54.97,2,103.715,0.010000000000005116,0.9641806874613233,5872.97,608942.5397000001,2752.41,285550.61819999997,29632.170000000002,3070027.5678000003,112267.79,11662791.1994
2026-04-29T00:02:23.000757Z,2026-04-29T00:02:22.530000Z,1777420942530,BRENTOIL,xyz:BRENTOIL,103.71,100.12,2,103.72,54.97,2,103.715,0.010000000000005116,0.9641806874613233,4777.3,495331.272,2183.14,226495.3213,27354.850000000002,2833959.9817000004,111612.25,11594779.3511
2026-04-29T00:02:24.001119Z,2026-04-29T00:02:23.623000Z,1777420943623,BRENTOIL,xyz:BRENTOIL,103.71,100.24,3,103.72,56.92,3,103.715,0.010000000000005116,0.9641806874613233,5789.37,600282.9322,2725.34,282743.1091,28728.68,2976404.4483000003,111387.44,11571419.171
2026-04-29T00:02:25.000863Z,2026-04-29T00:02:24.141000Z,1777420944141,BRENTOIL,xyz:BRENTOIL,103.71,118.27,5,103.72,101.92,4,103.715,0.010000000000005116,0.9641806874613233,5781.93,599512.6076,668.11,69314.4327,28721.23,2975656.2263,109751.77,11401755.3313
2026-04-29T00:02:26.000985Z,2026-04-29T00:02:25.273000Z,1777420945273,BRENTOIL,xyz:BRENTOIL,103.71,80.97,3,103.72,20.24,2,103.715,0.010000000000005116,0.9641806874613233,5197.31,538876.2736,968.9200000000001,100521.63679999998,27466.15,2845644.9799,110384.81,11467439.0446
2026-04-29T00:02:27.000377Z,2026-04-29T00:02:26.353000Z,1777420946353,BRENTOIL,xyz:BRENTOIL,103.71,345.72,3,103.72,6.77,1,103.715,0.010000000000005116,0.9641806874613233,5347.28,554438.4671,927.78,96253.54840000001,27920.040000000005,2892693.4326000004,110343.67,11463163.2861
2026-04-29T00:02:28.000600Z,2026-04-29T00:02:27.461000Z,1777420947461,BRENTOIL,xyz:BRENTOIL,103.71,425.84,5,103.72,26.52,3,103.715,0.010000000000005116,0.9641806874613233,4388.3099999999995,455001.7973,932.6500000000001,96758.516,26821.920000000002,2778832.0409000004,110361.37,11465001.1624
2026-04-29T00:02:29.000863Z,2026-04-29T00:02:28.566000Z,1777420948566,BRENTOIL,xyz:BRENTOIL,103.71,380.33,4,103.72,26.52,3,103.715,0.010000000000005116,0.9641806874613233,5124.03,531295.262,1434.02,148771.02399999998,27718.65,2871810.0773000005,110862.74,11517013.6704
2026-04-29T00:02:30.001212Z,2026-04-29T00:02:29.099000Z,1777420949099,BRENTOIL,xyz:BRENTOIL,103.71,380.45,5,103.72,26.52,3,103.715,0.010000000000005116,0.9641806874613233,5094.259999999999,528208.7682,2407.55,249784.29320000001,27688.88,2868724.065500001,111836.27,11618026.9396
2026-04-29T00:02:31.000956Z,2026-04-29T00:02:30.172000Z,1777420950172,BRENTOIL,xyz:BRENTOIL,103.71,0.48,4,103.72,83.06,5,103.715,0.010000000000005116,0.9641806874613233,3435.2,356166.80590000004,3992.7,414245.4554,26029.820000000003,2696682.1032000002,113423.1,11782661.91
2026-04-29T00:02:32.001252Z,2026-04-29T00:02:31.276000Z,1777420951276,BRENTOIL,xyz:BRENTOIL,103.71,0.6,5,103.72,77.6,5,103.715,0.010000000000005116,0.9641806874613233,5686.58,589612.1889000001,3987.3599999999997,413691.5918,28622.680000000004,2965507.6197,113417.76,11782108.0464
2026-04-29T00:02:33.001196Z,2026-04-29T00:02:32.348000Z,1777420952348,BRENTOIL,xyz:BRENTOIL,103.71,0.72,6,103.72,77.6,5,103.715,0.010000000000005116,0.9641806874613233,5686.7,589624.8132000001,3982.41,413178.1283,29003.890000000003,3005023.3582,113412.81,11781594.5829
2026-04-29T00:02:34.000509Z,2026-04-29T00:02:33.374000Z,1777420953374,BRENTOIL,xyz:BRENTOIL,103.71,0.84,7,103.72,77.6,5,103.715,0.010000000000005116,0.9641806874613233,5686.820000000001,589637.2584,3982.5299999999997,413190.5759,28651.860000000004,2968542.5953000006,113412.93000000001,11781607.0305
2026-04-29T00:02:35.000359Z,2026-04-29T00:02:34.451000Z,1777420954451,BRENTOIL,xyz:BRENTOIL,103.71,0.96,8,103.72,77.6,5,103.715,0.010000000000005116,0.9641806874613233,3907.98,405190.2039000001,4004.12,415430.76,26873.050000000003,2784102.268400001,113434.52,11783846.732600002
2026-04-29T00:02:36.001305Z,2026-04-29T00:02:35.532000Z,1777420955532,BRENTOIL,xyz:BRENTOIL,103.71,1.08,9,103.72,77.6,5,103.715,0.010000000000005116,0.9641806874613233,3910.2400000000002,405424.5671,4004.24,415443.20759999997,26884.95,2785335.3356000003,113434.64,11783859.180200001
2026-04-29T00:02:37.000497Z,2026-04-29T00:02:36.614000Z,1777420956614,BRENTOIL,xyz:BRENTOIL,103.71,1.2,10,103.72,77.6,5,103.715,0.010000000000005116,0.9641806874613233,3910.36,405437.01230000006,4004.3599999999997,415455.65520000004,26885.07,2785347.7808000003,113434.76,11783871.6278
2026-04-29T00:02:38.000749Z,2026-04-29T00:02:37.166000Z,1777420957166,BRENTOIL,xyz:BRENTOIL,103.71,1.2,10,103.72,806.31,11,103.715,0.010000000000005116,0.9641806874613233,347.03999999999996,35974.481999999996,7940.599999999999,823765.0582000001,20293.769999999997,2101976.9198000003,114334.0,11876960.4241
2026-04-29T00:02:39.001119Z,2026-04-29T00:02:38.222000Z,1777420958222,BRENTOIL,xyz:BRENTOIL,103.68,370.3,4,103.72,465.95,11,103.7,0.03999999999999204,3.857280617164131,4241.03,439621.3341,6284.0599999999995,651918.9569999999,27686.4,2867584.8652,117430.37,12198842.8419
2026-04-29T00:02:40.000587Z,2026-04-29T00:02:39.263000Z,1777420959263,BRENTOIL,xyz:BRENTOIL,103.7,531.75,3,103.72,58.03,4,103.71000000000001,0.01999999999999602,1.9284543438430257,5707.51,591753.6123,4127.24,428195.2801,29357.550000000003,3041230.2862000004,114668.49999999999,11912349.6607
2026-04-29T00:02:41.001180Z,2026-04-29T00:02:40.359000Z,1777420960359,BRENTOIL,xyz:BRENTOIL,103.7,623.47,6,103.71,17.19,2,103.705,0.009999999999990905,0.9642736608640765,5962.670000000001,618226.6410000001,2987.1800000000003,309900.8271,29728.390000000007,3079687.1845000004,115629.44,12011878.7806
2026-04-29T00:02:42.000685Z,2026-04-29T00:02:41.441000Z,1777420961441,BRENTOIL,xyz:BRENTOIL,103.7,623.26,8,103.71,9.86,1,103.705,0.009999999999990905,0.9642736608640765,5476.73,567831.1124,3009.5299999999997,312224.4458,29078.480000000003,3012318.4437,114884.78,11934594.431400001
2026-04-29T00:02:43.000946Z,2026-04-29T00:02:42.514000Z,1777420962514,BRENTOIL,xyz:BRENTOIL,103.7,523.83,8,103.71,9.86,1,103.705,0.009999999999990905,0.9642736608640765,6144.310000000001,637043.8182,3029.29,314274.2494,29688.210000000006,3075534.0317,115671.54999999999,12016259.0103
2026-04-29T00:02:44.001379Z,2026-04-29T00:02:43.054000Z,1777420963054,BRENTOIL,xyz:BRENTOIL,103.7,523.83,8,103.71,9.86,1,103.705,0.009999999999990905,0.9642736608640765,6144.310000000001,637043.8182,3029.29,314274.2494,29688.210000000006,3075534.0317,115671.54999999999,12016259.0103
2026-04-29T00:02:45.001051Z,2026-04-29T00:02:44.151000Z,1777420964151,BRENTOIL,xyz:BRENTOIL,103.7,512.35,8,103.71,9.86,1,103.705,0.009999999999990905,0.9642736608640765,5365.82,556329.7454,3029.41,314286.6958,28909.72,2994819.9589000004,115671.66999999998,12016271.4567
2026-04-29T00:02:46.000414Z,2026-04-29T00:02:45.164000Z,1777420965164,BRENTOIL,xyz:BRENTOIL,103.7,346.2,7,103.71,9.86,1,103.705,0.009999999999990905,0.9642736608640765,6033.6,625570.2738999999,3029.5299999999997,314298.9767,29577.500000000007,3064060.4874,116040.40999999999,12054533.1372
2026-04-29T00:02:47.000545Z,2026-04-29T00:02:46.255000Z,1777420966255,BRENTOIL,xyz:BRENTOIL,103.7,0.84,7,103.71,9.86,1,103.705,0.009999999999990905,0.9642736608640765,5022.0599999999995,520660.945,4358.6,452163.4863,28879.99,2991684.1849,116868.48,12140381.4825
2026-04-29T00:02:48.001323Z,2026-04-29T00:02:47.341000Z,1777420967341,BRENTOIL,xyz:BRENTOIL,103.7,0.96,8,103.71,9.86,1,103.705,0.009999999999990905,0.9642736608640765,5022.18,520673.389,4358.72,452175.9327,28899.430000000004,2993705.7155000004,116581.01999999999,12110554.6281
2026-04-29T00:02:49.001033Z,2026-04-29T00:02:48.376000Z,1777420968376,BRENTOIL,xyz:BRENTOIL,103.7,1.08,9,103.71,64.04,3,103.705,0.009999999999990905,0.9642736608640765,3960.53,410607.2493,4349.820000000001,451252.0371,28184.940000000002,2919598.6022,117832.01000000001,12240528.685700001
2026-04-29T00:02:50.000323Z,2026-04-29T00:02:49.474000Z,1777420969474,BRENTOIL,xyz:BRENTOIL,103.7,1.32,11,103.71,12.59,2,103.705,0.009999999999990905,0.9642736608640765,4740.570000000001,491481.05250000005,4354.15,451701.2396,28916.830000000005,2995485.6649,117853.59,12242767.3657
2026-04-29T00:02:51.000639Z,2026-04-29T00:02:50.565000Z,1777420970565,BRENTOIL,xyz:BRENTOIL,103.7,1.56,13,103.71,12.59,2,103.705,0.009999999999990905,0.9642736608640765,4740.81,491505.94049999997,4354.39,451726.1324,28917.070000000003,2995510.5529,118620.84,12322392.556300001
2026-04-29T00:02:52.001037Z,2026-04-29T00:02:51.644000Z,1777420971644,BRENTOIL,xyz:BRENTOIL,103.7,98.62,16,103.71,2.73,1,103.705,0.009999999999990905,0.9642736608640765,5121.72,531014.9535000001,2415.64,250615.027,28859.850000000002,2989620.9815,113467.41,11787698.258100001
2026-04-29T00:02:53.000900Z,2026-04-29T00:02:52.190000Z,1777420972190,BRENTOIL,xyz:BRENTOIL,103.71,100.0,1,103.72,7.32,15,103.715,0.010000000000005116,0.9641806874613233,5104.72,529274.8407000001,1407.8999999999999,146065.18260000003,27552.500000000004,2854413.1477,114087.47,11852296.0678
2026-04-29T00:02:54.613784Z,2026-04-29T00:02:53.812000Z,1777420973812,BRENTOIL,xyz:BRENTOIL,103.71,80.12,2,103.72,9.86,1,103.715,0.010000000000005116,0.9641806874613233,5788.200000000001,600162.1753000001,1894.86,196587.33430000002,28160.200000000004,2917447.7258,114585.73000000001,11903990.8529
2026-04-29T00:02:55.269279Z,2026-04-29T00:02:54.882000Z,1777420974882,BRENTOIL,xyz:BRENTOIL,103.72,220.19,4,103.74,298.69,7,103.72999999999999,0.01999999999999602,1.9280825219315554,2935.94,304435.9723,3691.0,382999.4926,26044.75,2698386.3085000003,113874.27,11830230.759699998
2026-04-29T00:02:56.088546Z,2026-04-29T00:02:55.435000Z,1777420975435,BRENTOIL,xyz:BRENTOIL,103.73,20.47,2,103.74,240.32,5,103.735,0.009999999999990905,0.9639947944272333,5282.1900000000005,547794.2487,3687.3999999999996,382626.57330000005,25951.780000000002,2689346.1185000003,113948.33,11837920.2196
2026-04-29T00:02:57.000782Z,2026-04-29T00:02:56.516000Z,1777420976516,BRENTOIL,xyz:BRENTOIL,103.73,20.59,3,103.74,7.85,5,103.735,0.009999999999990905,0.9639947944272333,5978.91,620059.6482999999,3700.6000000000004,384000.85349999997,26562.000000000004,2752650.0009,113980.81000000001,11841297.788199998
2026-04-29T00:02:58.000997Z,2026-04-29T00:02:57.053000Z,1777420977053,BRENTOIL,xyz:BRENTOIL,103.73,20.71,4,103.74,7.85,5,103.735,0.009999999999990905,0.9639947944272333,5979.030000000001,620072.0959,4664.3,484013.6359,26562.100000000002,2752660.8585999995,114950.29000000001,11941909.955799999
2026-04-29T00:02:59.001476Z,2026-04-29T00:02:58.216000Z,1777420978216,BRENTOIL,xyz:BRENTOIL,103.72,88.54,5,103.74,7.85,5,103.72999999999999,0.01999999999999602,1.9280825219315554,3760.66,389958.3658,4620.18,479436.15949999995,26616.020000000004,2757651.396,114127.42000000001,11856478.794899998
2026-04-29T00:03:00.000222Z,2026-04-29T00:02:59.296000Z,1777420979296,BRENTOIL,xyz:BRENTOIL,103.72,94.82,7,103.73,12.84,1,103.725,0.010000000000005116,0.9640877319841038,3846.6400000000003,398865.2234,2963.8500000000004,307539.8964,26714.58,2767862.2964000003,112546.02,11692103.4498
2026-04-29T00:03:01.000737Z,2026-04-29T00:03:00.352000Z,1777420980352,BRENTOIL,xyz:BRENTOIL,103.72,3.58,5,103.73,16.38,2,103.725,0.010000000000005116,0.9640877319841038,5788.709999999999,600276.8981999999,2957.48,306873.6077,29042.27,3009231.9166000006,112583.03,11695932.631099999
2026-04-29T00:03:02.001249Z,2026-04-29T00:03:01.423000Z,1777420981423,BRENTOIL,xyz:BRENTOIL,103.72,11.2,6,103.73,16.38,2,103.725,0.010000000000005116,0.9640877319841038,4154.67,430820.08410000004,4240.22,439962.15040000004,27357.070000000003,2834444.2389,114621.89,11907519.224399999
2026-04-29T00:03:03.000395Z,2026-04-29T00:03:02.518000Z,1777420982518,BRENTOIL,xyz:BRENTOIL,103.72,3.56,7,103.73,3.54,1,103.725,0.010000000000005116,0.9640877319841038,4771.26,494764.52629999997,4047.69,419987.80970000004,27973.66,2898431.0951,113747.56999999999,11816767.4266
2026-04-29T00:03:04.411281Z,2026-04-29T00:03:04.140000Z,1777420984140,BRENTOIL,xyz:BRENTOIL,103.72,10.56,11,103.73,3.54,1,103.725,0.010000000000005116,0.9640877319841038,5493.63,569683.3245,2836.79,294357.7289,28696.030000000002,2973349.8933,113259.12,11766136.614699999
2026-04-29T00:03:05.369129Z,2026-04-29T00:03:04.698000Z,1777420984698,BRENTOIL,xyz:BRENTOIL,103.72,553.69,15,103.73,3.54,1,103.725,0.010000000000005116,0.9640877319841038,6290.41,652318.8031,2435.94,252772.03519999998,29174.75,3023017.8757,112333.97,11670124.1367
2026-04-29T00:03:06.000727Z,2026-04-29T00:03:05.224000Z,1777420985224,BRENTOIL,xyz:BRENTOIL,103.72,710.34,19,103.74,3.84,9,103.72999999999999,0.01999999999999602,1.9280825219315554,5245.460000000001,543951.7817,1232.56,127911.8009,24992.230000000003,2589658.4493000004,115240.40000000001,11972329.9253
2026-04-29T00:03:07.001083Z,2026-04-29T00:03:06.317000Z,1777420986317,BRENTOIL,xyz:BRENTOIL,103.73,1511.02,5,103.74,6.33,10,103.735,0.009999999999990905,0.9639947944272333,5790.05,600485.2601,1519.73,157713.8509,26093.33,2704192.1454000003,115765.87000000001,12026878.7541
2026-04-29T00:03:08.001561Z,2026-04-29T00:03:07.392000Z,1777420987392,BRENTOIL,xyz:BRENTOIL,103.73,100.12,2,103.74,6.33,10,103.735,0.009999999999990905,0.9639947944272333,3562.45,369432.9279,2975.17,308743.6911,24195.659999999996,2507322.0444,116052.39000000001,12056544.5343
2026-04-29T00:03:09.001273Z,2026-04-29T00:03:08.450000Z,1777420988450,BRENTOIL,xyz:BRENTOIL,103.73,0.24,2,103.74,64.38,12,103.735,0.009999999999990905,0.9639947944272333,3610.95,374460.30999999994,3062.58,317812.2255,24192.79,2507025.0214,115237.93000000001,11971922.358800001
2026-04-29T00:03:10.000454Z,2026-04-29T00:03:09.513000Z,1777420989513,BRENTOIL,xyz:BRENTOIL,103.73,0.74,4,103.74,16.19,11,103.735,0.009999999999990905,0.9639947944272333,3962.1499999999996,410887.5895,2898.2200000000003,300759.09880000004,20744.48,2149743.973,115135.89000000001,11961339.2894
2026-04-29T00:03:11.000528Z,2026-04-29T00:03:10.585000Z,1777420990585,BRENTOIL,xyz:BRENTOIL,103.73,0.86,5,103.74,16.19,11,103.735,0.009999999999990905,0.9639947944272333,5748.26,596122.6809,2647.65,274752.3701,26462.089999999997,2742251.8263000003,114875.68000000001,11934339.6952
2026-04-29T00:03:12.001760Z,2026-04-29T00:03:11.113000Z,1777420991113,BRENTOIL,xyz:BRENTOIL,103.73,189.52,4,103.74,3.84,9,103.735,0.009999999999990905,0.9639947944272333,4995.26,518036.0749,2336.6,242472.75019999995,25304.32,2622218.1383,114065.92000000001,11850290.0911
2026-04-29T00:03:13.000874Z,2026-04-29T00:03:12.203000Z,1777420992203,BRENTOIL,xyz:BRENTOIL,103.73,269.64,6,103.75,72.18,20,103.74000000000001,0.01999999999999602,1.9278966647383862,5143.639999999999,533429.4205,4479.15,464837.9053,25452.699999999997,2637611.483900001,119526.1,12417657.623300001
2026-04-29T00:03:14.000818Z,2026-04-29T00:03:13.859000Z,1777420993859,BRENTOIL,xyz:BRENTOIL,103.74,0.24,2,103.75,19.2,18,103.745,0.010000000000005116,0.9639018747896395,2315.53,240147.6298,3056.58,317225.33479999995,24691.329999999998,2558741.185,117522.5,12209539.648899999
2026-04-29T00:03:15.092056Z,2026-04-29T00:03:14.411000Z,1777420994411,BRENTOIL,xyz:BRENTOIL,103.74,8.12,3,103.76,3.12,3,103.75,0.020000000000010232,1.92771084337448,2756.8599999999997,285920.80549999996,4272.07,443397.80329999997,24992.909999999996,2590026.7176999995,117312.41000000002,12187539.277999999
2026-04-29T00:03:16.001213Z,2026-04-29T00:03:15.488000Z,1777420995488,BRENTOIL,xyz:BRENTOIL,103.74,8.15,4,103.75,19.67,2,103.745,0.010000000000005116,0.9639018747896395,4768.46,494585.809,3032.88,314766.0649,27004.51,2798692.2032,116696.88000000002,12123571.285999998
2026-04-29T00:03:17.000356Z,2026-04-29T00:03:16.569000Z,1777420996569,BRENTOIL,xyz:BRENTOIL,103.74,0.48,4,103.75,19.67,2,103.745,0.010000000000005116,0.9639018747896395,5851.66,606933.4935,3026.21,314073.49470000004,28087.71,2911039.8877000003,116699.87000000001,12123865.177
2026-04-29T00:03:18.699678Z,2026-04-29T00:03:18.700000Z,1777420998700,BRENTOIL,xyz:BRENTOIL,103.74,6.05,7,103.75,19.67,2,103.745,0.010000000000005116,0.9639018747896395,4659.02,483234.14719999995,3026.45,314098.39710000006,26895.069999999996,2787341.0234,116680.83000000002,12121888.526199998
2026-04-29T00:03:20.173792Z,2026-04-29T00:03:19.771000Z,1777420999771,BRENTOIL,xyz:BRENTOIL,103.74,7.85,8,103.75,19.67,2,103.745,0.010000000000005116,0.9639018747896395,4660.82,483420.8792,3026.5699999999997,314110.68700000003,26896.869999999995,2787527.7554000006,116690.59000000001,12122901.544499999
2026-04-29T00:03:20.676319Z,2026-04-29T00:03:19.771000Z,1777420999771,BRENTOIL,xyz:BRENTOIL,103.74,7.85,8,103.75,19.67,2,103.745,0.010000000000005116,0.9639018747896395,4660.82,483420.8792,3026.5699999999997,314110.68700000003,26896.869999999995,2787527.7554000006,116690.59000000001,12122901.544499999
2026-04-29T00:03:21.276899Z,2026-04-29T00:03:20.854000Z,1777421000854,BRENTOIL,xyz:BRENTOIL,103.74,8.09,10,103.75,19.67,2,103.745,0.010000000000005116,0.9639018747896395,5695.370000000001,590724.4797,3026.81,314135.58940000006,28021.44,2904154.3091,116681.19000000002,12121925.7185
2026-04-29T00:03:22.001348Z,2026-04-29T00:03:21.405000Z,1777421001405,BRENTOIL,xyz:BRENTOIL,103.74,8.09,10,103.75,19.67,2,103.745,0.010000000000005116,0.9639018747896395,5695.370000000001,590724.4797,3026.81,314135.58940000006,28021.44,2904154.3091,116681.19000000002,12121918.0484
2026-04-29T00:03:23.000994Z,2026-04-29T00:03:22.480000Z,1777421002480,BRENTOIL,xyz:BRENTOIL,103.74,8.33,12,103.75,19.67,2,103.745,0.010000000000005116,0.9639018747896395,5698.43,591041.8959,3027.05,314160.4918,28029.8,2905021.1763,116681.43000000001,12121942.950799998
2026-04-29T00:03:24.001002Z,2026-04-29T00:03:23.555000Z,1777421003555,BRENTOIL,xyz:BRENTOIL,103.74,8.45,13,103.75,19.67,2,103.745,0.010000000000005116,0.9639018747896395,5698.549999999999,591054.3447,3027.17,314172.94299999997,28029.92,2905033.6251,114654.64000000003,11911420.8138
2026-04-29T00:03:25.034661Z,2026-04-29T00:03:24.601000Z,1777421004601,BRENTOIL,xyz:BRENTOIL,103.74,1.44,12,103.75,57.43,5,103.745,0.010000000000005116,0.9639018747896395,850.7100000000002,88242.64129999999,4078.94,423313.0829,22897.370000000003,2372708.5977,112405.13000000002,11677882.2119
2026-04-29T00:03:26.001027Z,2026-04-29T00:03:25.682000Z,1777421005682,BRENTOIL,xyz:BRENTOIL,103.74,0.12,1,103.75,90.75,8,103.745,0.010000000000005116,0.9639018747896395,617.0999999999999,63995.4262,4928.74,511494.78859999997,23105.570000000003,2394265.2227,117085.15000000002,12164173.5703
2026-04-29T00:03:27.001068Z,2026-04-29T00:03:26.220000Z,1777421006220,BRENTOIL,xyz:BRENTOIL,103.74,0.24,2,103.75,90.75,8,103.745,0.010000000000005116,0.9639018747896395,764.21,79251.2488,4938.5,512507.7754,23179.340000000004,2401915.9035,117094.91000000002,12165186.5571
2026-04-29T00:03:28.000314Z,2026-04-29T00:03:27.308000Z,1777421007308,BRENTOIL,xyz:BRENTOIL,103.74,0.12,1,103.75,371.86,13,103.745,0.010000000000005116,0.9639018747896395,2146.6,222589.53019999998,4882.37,506686.1047,23562.13,2441523.8888,116716.12000000002,12125858.8083
2026-04-29T00:03:29.000327Z,2026-04-29T00:03:28.416000Z,1777421008416,BRENTOIL,xyz:BRENTOIL,103.72,16.79,3,103.74,68.0,3,103.72999999999999,0.01999999999999602,1.9280825219315554,3736.06,387415.09809999994,4095.98,425048.121,27813.6,2881845.6576,113392.11000000002,11780048.0789
2026-04-29T00:03:30.001136Z,2026-04-29T00:03:29.525000Z,1777421009525,BRENTOIL,xyz:BRENTOIL,103.72,16.91,4,103.73,71.92,4,103.725,0.010000000000005116,0.9640877319841038,4487.39,465335.69159999996,2215.65,229903.274,28561.03,2959362.1330999997,111780.57000000002,11612543.423700001
2026-04-29T00:03:31.151790Z,2026-04-29T00:03:30.606000Z,1777421010606,BRENTOIL,xyz:BRENTOIL,103.72,2179.4,12,103.73,68.24,3,103.725,0.010000000000005116,0.9640877319841038,6870.800000000001,712540.076,303.24,31462.1504,30698.63,3181077.5574000003,106742.88,11089774.432500001
2026-04-29T00:03:32.000363Z,2026-04-29T00:03:31.132000Z,1777421011132,BRENTOIL,xyz:BRENTOIL,103.72,2296.65,14,103.77,1.8,15,103.745,0.04999999999999716,4.819509373945458,5756.16,596930.9851,2218.16,230256.9658,25396.679999999997,2631608.0442,114116.24,11856331.474
2026-04-29T00:03:33.000616Z,2026-04-29T00:03:32.186000Z,1777421012186,BRENTOIL,xyz:BRENTOIL,103.76,57.94,3,103.77,21.61,17,103.765,0.009999999999990905,0.9637160892392334,5178.34,537139.9142,4632.58,480867.297,28694.849999999995,2974110.5189,118026.02,12262227.4441
2026-04-29T00:03:34.001886Z,2026-04-29T00:03:33.286000Z,1777421013286,BRENTOIL,xyz:BRENTOIL,103.76,58.06,4,103.77,24.49,18,103.765,0.009999999999990905,0.9637160892392334,5725.25,593874.5049,4635.58,481178.6082,29241.739999999994,3030842.0733,118077.16999999998,12267542.5033
2026-04-29T00:03:35.084411Z,2026-04-29T00:03:34.379000Z,1777421014379,BRENTOIL,xyz:BRENTOIL,103.76,58.18,5,103.77,4.68,16,103.765,0.009999999999990905,0.9637160892392334,5725.88,593940.0215000001,4615.889999999999,479135.3781,26972.609999999997,2795648.7061,118095.99999999997,12269500.538199998
2026-04-29T00:03:36.000931Z,2026-04-29T00:03:35.456000Z,1777421015456,BRENTOIL,xyz:BRENTOIL,103.76,7.33,4,103.77,4.68,16,103.765,0.009999999999990905,0.9637160892392334,3462.6899999999996,359161.4077,3625.3099999999995,376325.8153,22970.26,2380596.1988,116488.15,12102615.0482
2026-04-29T00:03:37.001039Z,2026-04-29T00:03:36.531000Z,1777421016531,BRENTOIL,xyz:BRENTOIL,103.76,7.45,5,103.77,4.68,16,103.765,0.009999999999990905,0.9637160892392334,3247.62,336856.886,3625.43,376338.2689,22604.149999999998,2342686.0947,116494.45,12103269.9128
2026-04-29T00:03:38.000453Z,2026-04-29T00:03:37.607000Z,1777421017607,BRENTOIL,xyz:BRENTOIL,103.76,7.57,6,103.77,4.68,16,103.765,0.009999999999990905,0.9637160892392334,4002.81,415209.2143,3625.5499999999997,376350.72250000003,27194.429999999997,2818545.5015,117278.11,12184645.395799998
2026-04-29T00:03:39.000563Z,2026-04-29T00:03:38.683000Z,1777421018683,BRENTOIL,xyz:BRENTOIL,103.76,7.69,7,103.77,4.68,16,103.765,0.009999999999990905,0.9637160892392334,4002.93,415221.6655,3625.67,376363.1761,27107.94,2809586.0228,117265.15,12183298.7066
2026-04-29T00:03:40.092541Z,2026-04-29T00:03:39.748000Z,1777421019748,BRENTOIL,xyz:BRENTOIL,103.76,0.84,7,103.77,4.68,16,103.765,0.009999999999990905,0.9637160892392334,4442.8099999999995,460866.24289999995,3329.43,345612.9023,28308.97,2934135.3623,117278.69999999998,12184731.263999999
2026-04-29T00:03:41.000403Z,2026-04-29T00:03:40.316000Z,1777421020316,BRENTOIL,xyz:BRENTOIL,103.76,0.84,7,103.77,9.37,17,103.765,0.009999999999990905,0.9637160892392334,3669.9700000000003,380684.2223,3343.75,347099.2739,27507.190000000002,2850951.3965,117293.01999999999,12186217.6356
2026-04-29T00:03:42.000421Z,2026-04-29T00:03:41.391000Z,1777421021391,BRENTOIL,xyz:BRENTOIL,103.76,0.96,8,103.77,27.93,19,103.765,0.009999999999990905,0.9637160892392334,3653.78,379004.67409999995,4636.76,481300.4035,27491.0,2849271.8482999997,121962.39,12671097.685399998
2026-04-29T00:03:43.001045Z,2026-04-29T00:03:42.438000Z,1777421022438,BRENTOIL,xyz:BRENTOIL,103.76,1.08,9,103.77,31.22,20,103.765,0.009999999999990905,0.9637160892392334,3670.21,380708.9616,4640.17,481654.2604,27478.54,2847980.5316999997,121979.26999999999,12672851.0753
2026-04-29T00:03:44.001288Z,2026-04-29T00:03:43.570000Z,1777421023570,BRENTOIL,xyz:BRENTOIL,103.76,15.53,11,103.77,31.22,20,103.765,0.009999999999990905,0.9637160892392334,5656.91,586822.6206,2689.85,279218.0331,29494.25,3057165.2027000003,119923.01,12459412.5482
2026-04-29T00:03:45.000634Z,2026-04-29T00:03:44.055000Z,1777421024055,BRENTOIL,xyz:BRENTOIL,103.76,361.01,12,103.77,31.22,20,103.765,0.009999999999990905,0.9637160892392334,5327.92,552700.0449,2689.85,279218.0331,29136.370000000003,3020047.0229,119932.43000000001,12460391.5159
2026-04-29T00:03:46.000849Z,2026-04-29T00:03:45.158000Z,1777421025158,BRENTOIL,xyz:BRENTOIL,103.73,10.48,2,103.76,117.72,4,103.745,0.030000000000001137,2.8917056243675487,2253.21,233643.6382,6012.500000000001,623994.9839,25331.39,2624930.5343000004,119548.04999999999,12420061.9448
2026-04-29T00:03:47.000226Z,2026-04-29T00:03:46.244000Z,1777421026244,BRENTOIL,xyz:BRENTOIL,103.73,5.81,2,103.74,13.08,1,103.735,0.009999999999990905,0.9639947944272333,4897.6900000000005,507910.0963,2254.27,233926.09149999998,27914.7,2892860.5697,114463.27999999998,11891370.773
2026-04-29T00:03:48.001017Z,2026-04-29T00:03:47.329000Z,1777421027329,BRENTOIL,xyz:BRENTOIL,103.73,0.24,2,103.74,141.13,4,103.735,0.009999999999990905,0.9639947944272333,1369.1599999999999,141968.8143,3951.56,410036.6315,21315.399999999998,2208563.0859000003,110900.74999999999,11521387.1213
2026-04-29T00:03:49.001332Z,2026-04-29T00:03:48.966000Z,1777421028966,BRENTOIL,xyz:BRENTOIL,103.7,2.85,1,103.72,51.04,2,103.71000000000001,0.01999999999999602,1.9284543438430257,4986.9,517037.7057,3781.06,392291.5513,29297.020000000004,3035059.9816,116249.32999999999,12076407.3121
2026-04-29T00:03:50.322201Z,2026-04-29T00:03:49.508000Z,1777421029508,BRENTOIL,xyz:BRENTOIL,103.71,0.12,1,103.72,22.15,3,103.715,0.010000000000005116,0.9641806874613233,4290.58,444858.81849999994,4249.13,440849.56129999994,27445.850000000006,2843462.1563,116064.18,12057180.3157
2026-04-29T00:03:51.141872Z,2026-04-29T00:03:50.647000Z,1777421030647,BRENTOIL,xyz:BRENTOIL,103.71,30.36,4,103.72,28.53,4,103.715,0.010000000000005116,0.9641806874613233,5050.08,523625.4957000001,3878.37,402380.1801,28406.570000000003,2943079.5694,115549.39,12003768.4541
2026-04-29T00:03:52.001011Z,2026-04-29T00:03:51.205000Z,1777421031205,BRENTOIL,xyz:BRENTOIL,103.71,775.48,5,103.72,28.53,4,103.715,0.010000000000005116,0.9641806874613233,5685.46,589510.6916,3897.8,404396.18080000003,28955.16,2999967.8246999993,119602.31999999999,12424529.5855
2026-04-29T00:03:53.000695Z,2026-04-29T00:03:52.295000Z,1777421032295,BRENTOIL,xyz:BRENTOIL,103.71,8.59,5,103.72,28.53,4,103.715,0.010000000000005116,0.9641806874613233,5311.049999999999,550678.4415,3907.6100000000006,405413.99450000003,28600.030000000002,2963133.8501999993,118581.51999999999,12318591.2144
2026-04-29T00:03:54.000754Z,2026-04-29T00:03:53.917000Z,1777421033917,BRENTOIL,xyz:BRENTOIL,103.71,3.83,4,103.72,28.53,4,103.715,0.010000000000005116,0.9641806874613233,6073.299999999999,629723.7189,3936.77,408439.14670000004,29365.149999999998,3042475.1859,118724.33,12333406.574600002
2026-04-29T00:03:55.401074Z,2026-04-29T00:03:54.472000Z,1777421034472,BRENTOIL,xyz:BRENTOIL,103.71,0.36,3,103.72,122.0,5,103.715,0.010000000000005116,0.9641806874613233,3589.27,372148.5507,3880.8300000000004,402640.6849,26890.750000000004,2785875.1243,118668.39,12327606.3874
2026-04-29T00:03:56.237464Z,2026-04-29T00:03:55.555000Z,1777421035555,BRENTOIL,xyz:BRENTOIL,103.71,0.6,5,103.72,188.2,9,103.715,0.010000000000005116,0.9641806874613233,3347.2200000000003,347045.72390000004,4615.75,478878.74140000006,26695.039999999997,2765569.9288000003,119821.95,12447264.8277
2026-04-29T00:03:57.000686Z,2026-04-29T00:03:56.105000Z,1777421036105,BRENTOIL,xyz:BRENTOIL,103.71,0.6,5,103.72,142.93,9,103.715,0.010000000000005116,0.9641806874613233,4158.57,431143.7726,4597.12,476951.7272,28510.569999999996,2953504.935,120512.48999999999,12518936.0545
2026-04-29T00:03:58.000765Z,2026-04-29T00:03:57.168000Z,1777421037168,BRENTOIL,xyz:BRENTOIL,103.71,0.12,1,103.72,226.49,10,103.715,0.010000000000005116,0.9641806874613233,3797.63,393729.46510000003,4203.8,436146.988,28429.23,2945066.1534999995,120119.17,12478131.3153
2026-04-29T00:03:59.000469Z,2026-04-29T00:03:58.754000Z,1777421038754,BRENTOIL,xyz:BRENTOIL,103.71,0.36,3,103.72,246.79,11,103.715,0.010000000000005116,0.9641806874613233,3964.73,411061.83790000004,4204.04,436171.4772,27341.609999999997,2832598.3004,120118.16,12478025.5698
2026-04-29T00:04:00.152049Z,2026-04-29T00:03:59.297000Z,1777421039297,BRENTOIL,xyz:BRENTOIL,103.71,0.36,3,103.72,246.79,11,103.715,0.010000000000005116,0.9641806874613233,3964.73,411060.97520000004,4216.2,437433.1988,27190.719999999998,2816965.1692,119987.03,12464401.8552
2026-04-29T00:04:01.001115Z,2026-04-29T00:04:00.400000Z,1777421040400,BRENTOIL,xyz:BRENTOIL,103.71,0.48,4,103.72,246.79,11,103.715,0.010000000000005116,0.9641806874613233,3964.85,411073.42040000006,4312.73,447448.1839,27107.38,2808331.4172,120130.75,12479312.028
2026-04-29T00:04:02.000955Z,2026-04-29T00:04:01.470000Z,1777421041470,BRENTOIL,xyz:BRENTOIL,103.7,1098.56,2,103.72,233.73,11,103.71000000000001,0.01999999999999602,1.9284543438430257,5394.7,559321.9324,4505.389999999999,467427.68570000003,29682.859999999997,3075083.6445999998,119820.32999999999,12447098.545400001
2026-04-29T00:04:03.001334Z,2026-04-29T00:04:02.549000Z,1777421042549,BRENTOIL,xyz:BRENTOIL,103.7,331.86,3,103.71,23.33,3,103.705,0.009999999999990905,0.9642736608640765,5094.64,528209.8076000001,2811.1400000000003,291635.60349999997,29662.44,3072943.6696,118411.91,12300756.0315
2026-04-29T00:04:04.001041Z,2026-04-29T00:04:03.633000Z,1777421043633,BRENTOIL,xyz:BRENTOIL,103.7,331.98,4,103.71,19.73,2,103.705,0.009999999999990905,0.9642736608640765,4639.15,480970.9391,2821.63,292723.76780000003,28833.76,2987041.9781,119189.41,12381444.493600002
2026-04-29T00:04:05.232391Z,2026-04-29T00:04:04.707000Z,1777421044707,BRENTOIL,xyz:BRENTOIL,103.7,0.55,4,103.71,243.83,10,103.705,0.009999999999990905,0.9642736608640765,3343.38,346581.2772,4176.57,433256.717,22736.01,2355094.5252,117687.48999999999,12225458.343400002
2026-04-29T00:04:06.023713Z,2026-04-29T00:04:05.247000Z,1777421045247,BRENTOIL,xyz:BRENTOIL,103.7,0.12,1,103.71,268.94,11,103.705,0.009999999999990905,0.9642736608640765,3885.97,402834.3204000001,6017.139999999999,624196.4121999999,27340.17,2831930.1016000006,118814.76,12342372.8153
2026-04-29T00:04:07.001086Z,2026-04-29T00:04:06.318000Z,1777421046318,BRENTOIL,xyz:BRENTOIL,103.68,331.23,2,103.7,79.83,4,103.69,0.01999999999999602,1.9288263091904736,4532.700000000001,469857.5532,3261.3500000000004,338284.516,28645.590000000007,2967013.9772,25770.839999999997,2675119.8993999995
2026-04-29T00:04:08.001200Z,2026-04-29T00:04:07.415000Z,1777421047415,BRENTOIL,xyz:BRENTOIL,103.68,0.12,1,103.69,81.42,7,103.685,0.009999999999990905,0.9644596614737816,3885.0199999999995,402656.32779999997,3701.49,383912.1794,27931.34,2892663.5061,26154.44,2714753.2601
2026-04-29T00:04:09.001247Z,2026-04-29T00:04:08.993000Z,1777421048993,BRENTOIL,xyz:BRENTOIL,103.68,0.24,2,103.69,129.72,6,103.685,0.009999999999990905,0.9644596614737816,3980.3,412575.6581,3714.5200000000004,385263.0905,28435.899999999998,2945223.626,26154.63,2714774.3932
2026-04-29T00:04:10.310630Z,2026-04-29T00:04:09.542000Z,1777421049542,BRENTOIL,xyz:BRENTOIL,103.63,25.16,2,103.69,3938.73,20,103.66,0.060000000000002274,5.788153579008516,3285.88,340412.5578,7991.960000000001,828793.9641999998,23839.33,2467740.5612000003,24013.3,2491793.3488
2026-04-29T00:04:11.129079Z,2026-04-29T00:04:10.637000Z,1777421050637,BRENTOIL,xyz:BRENTOIL,103.63,0.12,1,103.64,7.75,1,103.63499999999999,0.010000000000005116,0.9649249770835255,2994.34,310208.063,2561.19,265495.412,24932.92,2580839.7507999996,26938.809999999998,2795041.8917000005
2026-04-29T00:04:12.112472Z,2026-04-29T00:04:11.705000Z,1777421051705,BRENTOIL,xyz:BRENTOIL,103.63,362.82,3,103.65,40.59,3,103.64,0.020000000000010232,1.9297568506378069,4466.36,462731.10549999995,5819.62,603369.4101,26609.63,2754554.8939,28950.179999999997,3003932.8436
2026-04-29T00:04:13.001196Z,2026-04-29T00:04:12.242000Z,1777421052242,BRENTOIL,xyz:BRENTOIL,103.63,636.85,6,103.64,4.25,1,103.63499999999999,0.010000000000005116,0.9649249770835255,4943.650000000001,512197.6673,152.35,15793.2216,26736.48,2767737.9677,19915.07,2066399.1819000004
2026-04-29T00:04:14.080463Z,2026-04-29T00:04:13.305000Z,1777421053305,BRENTOIL,xyz:BRENTOIL,103.64,266.27,3,103.65,6.4,2,103.64500000000001,0.010000000000005116,0.9648318780457441,4310.07,446620.59020000004,3224.75,334363.08259999997,27411.609999999997,2837840.9499000004,28017.149999999998,2907359.5478999997
2026-04-29T00:04:15.000213Z,2026-04-29T00:04:14.392000Z,1777421054392,BRENTOIL,xyz:BRENTOIL,103.65,248.42,3,103.67,0.12,1,103.66,0.01999999999999602,1.929384526335715,4805.5,497999.0996,2969.9399999999996,307977.6161,26387.66,2732096.5548,29001.129999999997,3010034.619
2026-04-29T00:04:16.001072Z,2026-04-29T00:04:15.451000Z,1777421055451,BRENTOIL,xyz:BRENTOIL,103.66,261.39,4,103.67,11.7,2,103.66499999999999,0.010000000000005116,0.9646457338547356,4896.51,507442.44909999997,3217.41,333649.06909999996,25380.53,2627929.3725,31053.19,3222891.0782
2026-04-29T00:04:17.000890Z,2026-04-29T00:04:16.484000Z,1777421056484,BRENTOIL,xyz:BRENTOIL,103.66,279.04,6,103.67,11.7,2,103.66499999999999,0.010000000000005116,0.9646457338547356,5663.64,586955.6501,3246.39,336654.0818,26245.289999999994,2717550.1957,31575.5,3277233.0560000003
2026-04-29T00:04:18.000642Z,2026-04-29T00:04:17.555000Z,1777421057555,BRENTOIL,xyz:BRENTOIL,103.64,0.12,1,103.67,286.81,14,103.655,0.030000000000001137,2.8942163909122702,1682.9099999999999,174365.6937,7172.210000000001,743688.9365999999,27855.69,2883530.7277,33952.939999999995,3523507.8106
2026-04-29T00:04:19.000332Z,2026-04-29T00:04:18.654000Z,1777421058654,BRENTOIL,xyz:BRENTOIL,103.63,278.06,2,103.64,84.42,3,103.63499999999999,0.010000000000005116,0.9649249770835255,4042.16,418785.6983,4846.04,502396.39650000003,29155.57,3018119.4192,29263.619999999995,3036131.3913
2026-04-29T00:04:20.305340Z,2026-04-29T00:04:19.746000Z,1777421059746,BRENTOIL,xyz:BRENTOIL,103.63,0.24,2,103.64,91.43,4,103.63499999999999,0.010000000000005116,0.9649249770835255,3399.41,352181.3404,4849.57,502762.3074,28512.82,2951515.0612999992,29263.449999999993,3036113.5851000003
2026-04-29T00:04:21.289111Z,2026-04-29T00:04:20.828000Z,1777421060828,BRENTOIL,xyz:BRENTOIL,103.64,217.53,3,103.66,53.62,3,103.65,0.01999999999999602,1.929570670525424,3652.8399999999997,378504.162,3558.37,368970.99250000005,29400.429999999997,3043660.4331,30135.219999999994,3127297.0922000003
2026-04-29T00:04:22.271526Z,2026-04-29T00:04:21.860000Z,1777421061860,BRENTOIL,xyz:BRENTOIL,103.65,0.12,1,103.66,787.56,9,103.655,0.009999999999990905,0.9647387969698428,2265.19,234724.4634,4952.23,513458.2028000001,26842.089999999997,2778853.2807,32056.329999999994,3326466.6716000005
2026-04-29T00:04:23.089790Z,2026-04-29T00:04:22.402000Z,1777421062402,BRENTOIL,xyz:BRENTOIL,103.63,819.2,7,103.66,833.61,12,103.645,0.030000000000001137,2.8944956341358616,5418.400000000001,561405.3474,5769.35,598191.8093999999,30680.839999999997,3176169.2342,32926.64,3416714.6005
2026-04-29T00:04:24.001705Z,2026-04-29T00:04:23.489000Z,1777421063489,BRENTOIL,xyz:BRENTOIL,103.63,374.33,6,103.64,30.0,1,103.63499999999999,0.010000000000005116,0.9649249770835255,4038.14,418370.4668,2567.95,266212.375,29187.699999999997,3021446.7495,26367.869999999995,2735656.6693000006
2026-04-29T00:04:25.057357Z,2026-04-29T00:04:24.545000Z,1777421064545,BRENTOIL,xyz:BRENTOIL,103.63,550.69,9,103.64,25.76,1,103.63499999999999,0.010000000000005116,0.9649249770835255,4458.05,461881.34450000006,2573.9700000000003,266841.7627,29584.719999999998,3062592.9809999997,27351.42,2837655.1208000006
2026-04-29T00:04:26.000956Z,2026-04-29T00:04:25.629000Z,1777421065629,BRENTOIL,xyz:BRENTOIL,103.64,182.03,4,103.65,0.12,1,103.64500000000001,0.010000000000005116,0.9648318780457441,2943.43,304992.0101,3904.7700000000004,404836.19889999996,29199.11,3022760.5625,33008.19999999999,3425070.4377000006
2026-04-29T00:04:27.000516Z,2026-04-29T00:04:26.163000Z,1777421066163,BRENTOIL,xyz:BRENTOIL,103.64,177.15,5,103.65,0.12,1,103.64500000000001,0.010000000000005116,0.9648318780457441,3705.56,383971.4932,3924.1899999999996,406849.3726,29903.34,3095742.7636,33027.619999999995,3427083.6114000008
2026-04-29T00:04:28.000813Z,2026-04-29T00:04:27.241000Z,1777421067241,BRENTOIL,xyz:BRENTOIL,103.64,177.27,6,103.65,0.12,1,103.64500000000001,0.010000000000005116,0.9648318780457441,3676.73,380984.131,3915.0699999999997,405903.9933999999,29874.51,3092755.4014,33018.49999999999,3426138.232200001
2026-04-29T00:04:29.000777Z,2026-04-29T00:04:28.334000Z,1777421068334,BRENTOIL,xyz:BRENTOIL,103.64,92.39,6,103.65,8.27,2,103.64500000000001,0.010000000000005116,0.9648318780457441,3582.2,371197.554,3923.34,406761.35380000004,29770.33,3081969.1809,33026.76999999999,3426995.592600001
2026-04-29T00:04:30.463215Z,2026-04-29T00:04:30.078000Z,1777421070078,BRENTOIL,xyz:BRENTOIL,103.65,86.27,1,103.66,5.53,8,103.655,0.009999999999990905,0.9647387969698428,5082.91,526716.6423,2455.3599999999997,254605.5814,29206.569999999996,3023940.9434,30261.03,3140399.4453000007
2026-04-29T00:04:31.285300Z,2026-04-29T00:04:30.559000Z,1777421070559,BRENTOIL,xyz:BRENTOIL,103.65,299.68,5,103.66,5.53,8,103.655,0.009999999999990905,0.9647387969698428,6091.88,631291.093,2356.9,244397.5375,30451.949999999997,3153005.2591,26440.03,2744058.6116000004
2026-04-29T00:04:32.103083Z,2026-04-29T00:04:31.640000Z,1777421071640,BRENTOIL,xyz:BRENTOIL,103.66,192.28,4,103.68,21.7,6,103.67,0.020000000000010232,1.9291984180582842,4649.780000000001,481901.69879999995,5774.9400000000005,598918.3354,29714.33,3076757.877,32474.9,3370718.8227000004
2026-04-29T00:04:33.084438Z,2026-04-29T00:04:32.676000Z,1777421072676,BRENTOIL,xyz:BRENTOIL,103.67,0.12,1,103.68,21.7,6,103.67500000000001,0.010000000000005116,0.9645526886911131,5176.13,536474.9903000001,5726.84,593930.8464,25714.260000000002,2663041.2604,31744.450000000004,3294948.5279
2026-04-29T00:04:34.000976Z,2026-04-29T00:04:33.202000Z,1777421073202,BRENTOIL,xyz:BRENTOIL,103.67,0.12,1,103.68,69.92,7,103.67500000000001,0.010000000000005116,0.9645526886911131,5882.99,609740.4283,5803.98,601929.5892,26553.739999999998,2750040.8256,31870.550000000003,3308027.5498
2026-04-29T00:04:35.052150Z,2026-04-29T00:04:34.288000Z,1777421074288,BRENTOIL,xyz:BRENTOIL,103.67,0.12,1,103.68,83.97,10,103.67500000000001,0.010000000000005116,0.9645526886911131,5809.07,602085.8404,6109.29,633595.5562,26576.269999999997,2752379.4221,32638.770000000004,3387689.6188999997
2026-04-29T00:04:36.000896Z,2026-04-29T00:04:35.375000Z,1777421075375,BRENTOIL,xyz:BRENTOIL,103.63,379.24,8,103.67,120.96,5,103.65,0.04000000000000625,3.859141341052219,4809.39,498266.30580000003,8150.6799999999985,845197.2475999999,29461.02,3049801.0797,35950.939999999995,3730927.6492999997
2026-04-29T00:04:37.001178Z,2026-04-29T00:04:36.455000Z,1777421076455,BRENTOIL,xyz:BRENTOIL,103.64,345.6,2,103.65,19.28,2,103.64500000000001,0.010000000000005116,0.9648318780457441,4116.8,426576.03510000004,3282.6499999999996,340350.5128,30280.139999999996,3134819.6021,31307.409999999996,3248626.4495999995
2026-04-29T00:04:38.001124Z,2026-04-29T00:04:37.522000Z,1777421077522,BRENTOIL,xyz:BRENTOIL,103.64,345.72,3,103.65,77.82,5,103.64500000000001,0.010000000000005116,0.9648318780457441,4114.04,426297.9837,3753.29,389141.2929,30267.729999999996,3133542.1967,31778.049999999996,3297416.3669999996
2026-04-29T00:04:39.000341Z,2026-04-29T00:04:38.071000Z,1777421078071,BRENTOIL,xyz:BRENTOIL,103.64,345.72,3,103.65,77.82,5,103.64500000000001,0.010000000000005116,0.9648318780457441,4114.04,426297.9837,4188.8,434301.9976,30269.969999999998,3133772.8957,31532.249999999996,3271899.4823999996
2026-04-29T00:04:40.656953Z,2026-04-29T00:04:40.224000Z,1777421080224,BRENTOIL,xyz:BRENTOIL,103.64,347.14,6,103.65,77.82,5,103.64500000000001,0.010000000000005116,0.9648318780457441,3996.1199999999994,414067.9912,4678.0199999999995,485013.21920000005,30158.109999999997,3122166.4016000004,32021.469999999994,3322610.7039999994
2026-04-29T00:04:41.604534Z,2026-04-29T00:04:41.323000Z,1777421081323,BRENTOIL,xyz:BRENTOIL,103.64,513.53,9,103.65,77.82,5,103.64500000000001,0.010000000000005116,0.9648318780457441,5294.5199999999995,548619.1971,4618.76,478869.14,31456.509999999995,3256716.6426999997,31616.73,3280640.3488
2026-04-29T00:04:42.424585Z,2026-04-29T00:04:41.858000Z,1777421081858,BRENTOIL,xyz:BRENTOIL,103.64,512.93,4,103.65,77.82,5,103.64500000000001,0.010000000000005116,0.9648318780457441,4919.47,509752.7596,4617.08,478694.9624000001,31091.109999999997,3218849.5592,31608.809999999998,3279818.753199999
2026-04-29T00:04:43.242788Z,2026-04-29T00:04:42.414000Z,1777421082414,BRENTOIL,xyz:BRENTOIL,103.64,1.45,1,103.65,77.82,5,103.64500000000001,0.010000000000005116,0.9648318780457441,4407.99,456742.9724,4617.08,478694.9624000001,30579.629999999997,3165839.772,31954.29,3315645.0291999993
2026-04-29T00:04:44.000808Z,2026-04-29T00:04:43.487000Z,1777421083487,BRENTOIL,xyz:BRENTOIL,103.62,1019.06,4,103.65,190.11,9,103.635,0.030000000000001137,2.894774931249205,4761.3099999999995,493258.10490000003,4767.87,494325.4042,30103.35,3116097.5320999995,32376.47,3359434.0316999992
2026-04-29T00:04:45.373615Z,2026-04-29T00:04:44.522000Z,1777421084522,BRENTOIL,xyz:BRENTOIL,103.62,1019.06,4,103.63,4.88,1,103.625,0.009999999999990905,0.9650180940883865,4761.3099999999995,493258.10490000003,1112.69,115339.89189999999,30154.530000000002,3121392.908,23780.140000000003,2466820.0148
2026-04-29T00:04:46.191824Z,2026-04-29T00:04:45.541000Z,1777421085541,BRENTOIL,xyz:BRENTOIL,103.62,1026.62,6,103.64,62.76,3,103.63,0.01999999999999602,1.929943066679149,4765.99,493740.39,2955.0699999999997,306358.9214,30188.2,3124877.8778,26801.61,2780547.9714
2026-04-29T00:04:47.176032Z,2026-04-29T00:04:46.615000Z,1777421086615,BRENTOIL,xyz:BRENTOIL,103.62,768.12,2,103.63,13.48,1,103.625,0.009999999999990905,0.9650180940883865,5515.51,571398.5151,1063.27,110217.70839999999,31063.180000000004,3215528.1580999997,23740.79,2462730.5206
2026-04-29T00:04:48.000415Z,2026-04-29T00:04:47.151000Z,1777421087151,BRENTOIL,xyz:BRENTOIL,103.62,1.11,1,103.63,31.9,2,103.625,0.009999999999990905,0.9650180940883865,4834.77,500859.3736,1129.93,117126.1666,30372.790000000005,3143990.0486000003,23807.590000000004,2469653.5037999996
2026-04-29T00:04:49.000464Z,2026-04-29T00:04:48.233000Z,1777421088233,BRENTOIL,xyz:BRENTOIL,103.62,4.04,2,103.63,13.48,1,103.625,0.009999999999990905,0.9650180940883865,5114.139999999999,529815.8385,1256.21,130216.90399999998,31038.94,3212988.8678999995,23789.21,2467744.4458
2026-04-29T00:04:50.451648Z,2026-04-29T00:04:49.881000Z,1777421089881,BRENTOIL,xyz:BRENTOIL,103.62,4.16,3,103.64,69.81,4,103.63,0.01999999999999602,1.929943066679149,5126.969999999999,531148.7588,3113.29,322765.56340000004,31148.270000000004,3224306.1610999997,27996.030000000006,2904542.4919
2026-04-29T00:04:51.272502Z,2026-04-29T00:04:50.406000Z,1777421090406,BRENTOIL,xyz:BRENTOIL,103.62,4.16,3,103.64,69.81,4,103.63,0.01999999999999602,1.929943066679149,5126.969999999999,531148.7588,4560.32,472769.5153,31138.620000000003,3223306.7105999994,29436.870000000003,3053903.798
2026-04-29T00:04:52.091638Z,2026-04-29T00:04:51.509000Z,1777421091509,BRENTOIL,xyz:BRENTOIL,103.62,101.07,5,103.63,152.48,5,103.625,0.009999999999990905,0.9650180940883865,2875.7999999999997,297908.94129999995,4268.29,442442.75029999996,24745.749999999996,2561339.4195999997,25596.170000000002,2655106.3985
2026-04-29T00:04:53.001083Z,2026-04-29T00:04:52.583000Z,1777421092583,BRENTOIL,xyz:BRENTOIL,103.6,806.8,6,103.62,4.88,1,103.61,0.020000000000010232,1.930315606602667,4892.879999999999,506810.3364,3044.44,315570.02520000003,30715.76,3179041.8181000003,31636.710000000003,3281854.8323
2026-04-29T00:04:54.001306Z,2026-04-29T00:04:53.083000Z,1777421093083,BRENTOIL,xyz:BRENTOIL,103.6,1208.74,6,103.61,6.21,1,103.60499999999999,0.010000000000005116,0.9652043820283883,5647.33,584967.9571,886.0199999999999,91826.917,31388.87,3248780.7001,28578.500000000004,2964360.0352999996
2026-04-29T00:04:56.023089Z,2026-04-29T00:04:55.225000Z,1777421095225,BRENTOIL,xyz:BRENTOIL,103.6,1289.0,7,103.61,6.18,1,103.60499999999999,0.010000000000005116,0.9652043820283883,6753.64,699570.5984,2370.15,245650.13399999996,32521.750000000004,3366122.0957000004,30262.84,3138954.6384999994
2026-04-29T00:04:56.678580Z,2026-04-29T00:04:55.782000Z,1777421095782,BRENTOIL,xyz:BRENTOIL,103.61,80.0,1,103.62,10.83,2,103.61500000000001,0.010000000000005116,0.9651112290696439,5084.630000000001,526697.5651,4138.99,429013.15729999996,31022.840000000004,3210942.7164999996,32913.16,3414155.2970000003
2026-04-29T00:04:57.497748Z,2026-04-29T00:04:56.854000Z,1777421096854,BRENTOIL,xyz:BRENTOIL,103.61,80.0,1,103.62,8.83,2,103.61500000000001,0.010000000000005116,0.9651112290696439,5122.0199999999995,530574.1456,4603.17,477120.8125,31113.989999999998,3220371.7252,33377.34,3462262.9522
2026-04-29T00:04:58.482166Z,2026-04-29T00:04:57.936000Z,1777421097936,BRENTOIL,xyz:BRENTOIL,103.61,275.46,5,103.62,3.95,1,103.61500000000001,0.010000000000005116,0.9651112290696439,4802.81,497498.8191,2758.51,285936.96540000004,30466.989999999998,3153374.579,31725.579999999998,3291094.3173
2026-04-29T00:04:59.135544Z,2026-04-29T00:04:58.463000Z,1777421098463,BRENTOIL,xyz:BRENTOIL,103.62,280.0,3,103.64,148.43,6,103.63,0.01999999999999602,1.929943066679149,4409.1900000000005,456777.7208,7549.36,782642.5112000001,30739.6,3181812.1338,34777.9,3608023.5522000003
2026-04-29T00:05:00.447150Z,2026-04-29T00:04:59.556000Z,1777421099556,BRENTOIL,xyz:BRENTOIL,103.62,180.0,2,103.63,13.26,1,103.625,0.009999999999990905,0.9650180940883865,4679.95,484832.5998,3849.59,399049.125,30939.85,3202565.1533999997,31750.38,3293665.8852999997
2026-04-29T00:05:01.593156Z,2026-04-29T00:05:01.196000Z,1777421101196,BRENTOIL,xyz:BRENTOIL,103.63,1835.91,6,103.66,54.15,2,103.645,0.030000000000001137,2.8944956341358616,6343.970000000001,657298.3101,3292.87,341443.74340000004,31258.289999999997,3236018.9798,29592.530000000002,3070969.7321999995
2026-04-29T00:05:02.251339Z,2026-04-29T00:05:01.735000Z,1777421101735,BRENTOIL,xyz:BRENTOIL,103.64,460.96,3,103.66,54.15,2,103.65,0.01999999999999602,1.929570670525424,5036.89,521923.9754,3678.66,381443.20979999995,31284.770000000004,3238888.4213000005,29868.829999999998,3099606.4157
2026-04-29T00:05:03.230919Z,2026-04-29T00:05:02.286000Z,1777421102286,BRENTOIL,xyz:BRENTOIL,103.65,100.0,1,103.66,74.8,5,103.655,0.009999999999990905,0.9647387969698428,4036.85,418288.8284,5334.68,553128.1382,30188.239999999998,3125257.8752,31611.079999999998,3280226.9829
2026-04-29T00:05:04.001029Z,2026-04-29T00:05:03.370000Z,1777421103370,BRENTOIL,xyz:BRENTOIL,103.63,568.42,6,103.65,12.85,1,103.64,0.020000000000010232,1.9297568506378069,5657.3099999999995,586137.6036,3336.07,345871.06070000003,30561.0,3163753.7645,30930.329999999998,3209524.2628
2026-04-29T00:05:05.525492Z,2026-04-29T00:05:05.010000Z,1777421105010,BRENTOIL,xyz:BRENTOIL,103.64,100.24,3,103.65,12.85,1,103.64500000000001,0.010000000000005116,0.9648318780457441,4107.39,425597.2216,3376.68,350080.5019,30288.510000000002,3135648.3808000004,30982.01,3214880.3419
2026-04-29T00:05:06.531950Z,2026-04-29T00:05:06.104000Z,1777421106104,BRENTOIL,xyz:BRENTOIL,103.64,100.55,5,103.65,12.85,1,103.64500000000001,0.010000000000005116,0.9648318780457441,4117.16,426609.49679999996,4352.08,451219.65150000004,30279.519999999997,3134717.941,31888.56,3308878.5439999998
2026-04-29T00:05:07.308136Z,2026-04-29T00:05:06.665000Z,1777421106665,BRENTOIL,xyz:BRENTOIL,103.62,371.51,2,103.65,202.0,8,103.635,0.030000000000001137,2.894774931249205,3475.7,360068.42990000005,3885.54,402835.6058,29522.92,3055783.3514999994,31164.11,3233749.8613
2026-04-29T00:05:08.146872Z,2026-04-29T00:05:07.743000Z,1777421107743,BRENTOIL,xyz:BRENTOIL,103.62,88.07,4,103.64,54.45,2,103.63,0.01999999999999602,1.929943066679149,4150.73,429999.7248,3234.68,335332.5681,30103.69,3115956.503,29425.63,3053111.2743999995
2026-04-29T00:05:09.000649Z,2026-04-29T00:05:08.292000Z,1777421108292,BRENTOIL,xyz:BRENTOIL,103.63,100.0,1,103.64,499.39,2,103.63499999999999,0.010000000000005116,0.9649249770835255,3358.78,347973.09400000004,4969.73,515176.02749999997,28404.389999999996,2940127.6794,28017.67,2906895.7564000003
2026-04-29T00:05:10.342062Z,2026-04-29T00:05:09.853000Z,1777421109853,BRENTOIL,xyz:BRENTOIL,103.64,80.12,2,103.65,101.35,2,103.64500000000001,0.010000000000005116,0.9648318780457441,3576.25,370565.7928,4268.3,442520.2494,29642.43,3068589.2006,29888.24,3101450.6034999997
2026-04-29T00:05:11.096271Z,2026-04-29T00:05:10.416000Z,1777421110416,BRENTOIL,xyz:BRENTOIL,103.64,0.12,1,103.65,162.43,4,103.64500000000001,0.010000000000005116,0.9648318780457441,3467.3,359274.7938,4358.33,451852.4379,29533.479999999996,3057298.2016,29978.27,3110782.792
2026-04-29T00:05:12.000497Z,2026-04-29T00:05:11.513000Z,1777421111513,BRENTOIL,xyz:BRENTOIL,103.64,0.24,2,103.65,1480.58,6,103.64500000000001,0.010000000000005116,0.9648318780457441,1158.42,120022.81480000001,5260.69,545362.2017999999,26411.939999999995,2733733.3336,29737.31,3085705.8239999996
2026-04-29T00:05:13.000244Z,2026-04-29T00:05:12.590000Z,1777421112590,BRENTOIL,xyz:BRENTOIL,103.61,779.88,4,103.64,155.74,6,103.625,0.030000000000001137,2.8950542822679024,5114.01,529745.3276,5318.5,551336.1674,30772.129999999997,3185011.6512,33712.29,3497614.897
2026-04-29T00:05:14.000862Z,2026-04-29T00:05:13.123000Z,1777421113123,BRENTOIL,xyz:BRENTOIL,103.61,100.07,4,103.63,13.48,1,103.62,0.01999999999999602,1.9301293186639665,4741.35,491132.6996,3787.66,392618.7892,30457.370000000003,3152388.2957,26016.96,2698715.2113
2026-04-29T00:05:15.001679Z,2026-04-29T00:05:14.215000Z,1777421114215,BRENTOIL,xyz:BRENTOIL,103.61,165.72,8,103.63,13.48,1,103.62,0.01999999999999602,1.9301293186639665,4770.33,494136.1149,3740.8900000000003,387770.54190000007,30471.53,3153857.5825,26737.2,2773398.2309
2026-04-29T00:05:16.000503Z,2026-04-29T00:05:15.285000Z,1777421115285,BRENTOIL,xyz:BRENTOIL,103.61,181.38,10,103.63,13.48,1,103.62,0.01999999999999602,1.9301293186639665,4807.530000000001,497989.97609999997,3758.1900000000005,389564.1274,30537.699999999997,3160711.0935,26754.5,2775191.8164
2026-04-29T00:05:17.000748Z,2026-04-29T00:05:16.395000Z,1777421116395,BRENTOIL,xyz:BRENTOIL,103.62,48.33,2,103.63,13.48,1,103.625,0.009999999999990905,0.9650180940883865,3906.63,404715.4064999999,1906.04,197589.98210000002,30338.009999999995,3140213.625,24838.22,2576573.4626
2026-04-29T00:05:18.000816Z,2026-04-29T00:05:17.464000Z,1777421117464,BRENTOIL,xyz:BRENTOIL,103.61,22.54,8,103.63,24.29,3,103.62,0.01999999999999602,1.9301293186639665,5102.67,528574.7052999999,2002.32,207569.3774,31267.32,3236264.9109,25222.08,2616372.7119000005
2026-04-29T00:05:19.000537Z,2026-04-29T00:05:18.538000Z,1777421118538,BRENTOIL,xyz:BRENTOIL,103.61,200.07,11,103.63,39.04,4,103.62,0.01999999999999602,1.9301293186639665,6206.55,642938.4486,2017.19,209110.3567,32298.36,3343085.1597,25236.81,2617899.1662000003
2026-04-29T00:05:20.000508Z,2026-04-29T00:05:19.584000Z,1777421119584,BRENTOIL,xyz:BRENTOIL,103.61,200.19,12,103.63,24.29,3,103.62,0.01999999999999602,1.9301293186639665,6206.67,642950.8818,2002.56,207594.251,32308.129999999997,3344096.7539000004,25222.18,2616383.0605
2026-04-29T00:05:21.000576Z,2026-04-29T00:05:20.645000Z,1777421120645,BRENTOIL,xyz:BRENTOIL,103.61,876.18,13,103.63,19.41,2,103.62,0.01999999999999602,1.9301293186639665,6399.359999999999,662911.6412999999,1997.8,207100.97340000002,32259.589999999997,3339096.0953999995,25217.42,2615889.7829000005
2026-04-29T00:05:22.001257Z,2026-04-29T00:05:21.152000Z,1777421121152,BRENTOIL,xyz:BRENTOIL,103.62,819.15,6,103.64,10.73,10,103.63,0.01999999999999602,1.929943066679149,5559.150000000001,575938.8381,2343.31,242935.93570000003,31880.229999999996,3300012.4412,25068.089999999997,2601293.0609999998
2026-04-29T00:05:23.001719Z,2026-04-29T00:05:22.246000Z,1777421122246,BRENTOIL,xyz:BRENTOIL,103.63,100.0,1,103.64,1.08,9,103.63499999999999,0.010000000000005116,0.9649249770835255,4646.3,481375.06700000004,3584.69,371638.5642,29949.909999999996,3100273.7879999997,30252.809999999998,3138975.6004000003
2026-04-29T00:05:24.000500Z,2026-04-29T00:05:23.327000Z,1777421123327,BRENTOIL,xyz:BRENTOIL,103.63,100.12,2,103.64,1.08,9,103.63499999999999,0.010000000000005116,0.9649249770835255,4785.08,495753.8306,4102.540000000001,425314.2957,30088.67,3114650.9641,30885.310000000005,3204544.3729999997
2026-04-29T00:05:25.000496Z,2026-04-29T00:05:24.420000Z,1777421124420,BRENTOIL,xyz:BRENTOIL,103.63,108.2,5,103.64,1.08,9,103.63499999999999,0.010000000000005116,0.9649249770835255,3635.59,376653.6566,3625.91,375911.71530000004,28678.659999999996,2968585.5220999997,30421.549999999996,3156486.2524
2026-04-29T00:05:26.000766Z,2026-04-29T00:05:25.469000Z,1777421125469,BRENTOIL,xyz:BRENTOIL,103.63,194.59,7,103.64,1.08,9,103.63499999999999,0.010000000000005116,0.9649249770835255,4648.33,481594.63930000004,4094.87,424523.64450000005,29691.399999999994,3073526.5047999998,30877.660000000003,3203764.4801000003
2026-04-29T00:05:27.316812Z,2026-04-29T00:05:26.553000Z,1777421126553,BRENTOIL,xyz:BRENTOIL,103.63,961.72,9,103.64,1.08,9,103.63499999999999,0.010000000000005116,0.9649249770835255,5415.460000000001,561092.3212,4050.0299999999997,419875.7217,30458.52999999999,3153024.6690999996,30835.620000000003,3199414.5593999997
2026-04-29T00:05:28.000791Z,2026-04-29T00:05:27.642000Z,1777421127642,BRENTOIL,xyz:BRENTOIL,103.63,381.81,12,103.64,1.08,9,103.63499999999999,0.010000000000005116,0.9649249770835255,4818.02,499180.404,3969.6499999999996,411543.04780000006,29861.089999999997,3091112.7518999996,30735.939999999995,3189080.5719999997
2026-04-29T00:05:29.001036Z,2026-04-29T00:05:28.180000Z,1777421128180,BRENTOIL,xyz:BRENTOIL,103.63,381.81,12,103.64,1.08,9,103.63499999999999,0.010000000000005116,0.9649249770835255,4818.02,499180.404,3969.6499999999996,411543.04780000006,29861.089999999997,3091112.7518999996,30739.379999999997,3189438.381600001
2026-04-29T00:05:30.000628Z,2026-04-29T00:05:29.248000Z,1777421129248,BRENTOIL,xyz:BRENTOIL,103.63,388.19,15,103.64,6.42,10,103.63499999999999,0.010000000000005116,0.9649249770835255,4834.27,500864.29279999994,3975.2299999999996,412121.36140000005,29877.339999999997,3092797.1230999995,30744.719999999994,3189991.7856
2026-04-29T00:05:31.000927Z,2026-04-29T00:05:30.318000Z,1777421130318,BRENTOIL,xyz:BRENTOIL,103.63,308.19,14,103.64,6.42,10,103.63499999999999,0.010000000000005116,0.9649249770835255,5521.280000000001,572051.469,3975.2299999999996,412121.36140000005,30564.35,3163984.2992999996,30732.0,3188663.8937
2026-04-29T00:05:32.000841Z,2026-04-29T00:05:31.364000Z,1777421131364,BRENTOIL,xyz:BRENTOIL,103.63,308.43,16,103.64,1.08,9,103.63499999999999,0.010000000000005116,0.9649249770835255,4754.51,492598.9837,3970.13,411592.79980000004,25962.489999999998,2687676.7007999993,26144.1,2712400.5069000004
2026-04-29T00:05:33.000770Z,2026-04-29T00:05:32.434000Z,1777421132434,BRENTOIL,xyz:BRENTOIL,103.64,47.16,1,103.65,1.56,13,103.64500000000001,0.010000000000005116,0.9648318780457441,3098.49,321055.7438,4669.12,484071.12210000004,25242.14,2613148.7027999996,28450.38,2951893.5003
2026-04-29T00:05:34.000401Z,2026-04-29T00:05:33.511000Z,1777421133511,BRENTOIL,xyz:BRENTOIL,103.66,228.83,3,103.67,0.12,1,103.66499999999999,0.010000000000005116,0.9646457338547356,5759.01,596864.4842000001,4321.57,448159.50289999996,31189.29,3229619.2199000004,27424.89,2846354.1930999993
2026-04-29T00:05:35.001134Z,2026-04-29T00:05:34.592000Z,1777421134592,BRENTOIL,xyz:BRENTOIL,103.67,265.0,3,103.68,0.12,1,103.67500000000001,0.010000000000005116,0.9645526886911131,5228.35,541890.5534,2782.73,288612.6811,26108.539999999997,2703900.7452000002,33919.81,3520948.9411999993
2026-04-29T00:05:36.000587Z,2026-04-29T00:05:35.129000Z,1777421135129,BRENTOIL,xyz:BRENTOIL,103.67,1678.78,7,103.68,0.12,1,103.67500000000001,0.010000000000005116,0.9645526886911131,7387.67,765741.8525,3029.34,314195.77770000004,24306.25,2517699.6909000003,34178.670000000006,3547837.1097999997
2026-04-29T00:05:37.001066Z,2026-04-29T00:05:36.201000Z,1777421136201,BRENTOIL,xyz:BRENTOIL,103.67,2558.95,12,103.68,0.12,1,103.67500000000001,0.010000000000005116,0.9645526886911131,8513.199999999999,882413.8001999999,3043.17,315630.0846,29019.919999999995,3005930.0901,34155.15,3545399.8516
2026-04-29T00:05:38.001132Z,2026-04-29T00:05:37.368000Z,1777421137368,BRENTOIL,xyz:BRENTOIL,103.67,2587.45,15,103.68,0.12,1,103.67500000000001,0.010000000000005116,0.9645526886911131,8511.169999999998,882204.5713,2946.83,305638.6608,28967.959999999992,3000547.8352000006,36014.57000000001,3738417.4726000004
2026-04-29T00:05:39.000708Z,2026-04-29T00:05:38.448000Z,1777421138448,BRENTOIL,xyz:BRENTOIL,103.67,2574.24,18,103.68,0.12,1,103.67500000000001,0.010000000000005116,0.9645526886911131,8521.109999999999,883234.3565999999,2947.08,305664.58359999995,28953.149999999994,2999015.7014000006,36024.560000000005,3739454.5969999996
2026-04-29T00:05:40.001113Z,2026-04-29T00:05:39.515000Z,1777421139515,BRENTOIL,xyz:BRENTOIL,103.67,2574.48,20,103.68,0.12,1,103.67500000000001,0.010000000000005116,0.9645526886911131,8521.35,883259.2373999999,2947.3199999999997,305689.4692,28953.389999999996,2999040.582200001,36034.44,3740480.2109999997
2026-04-29T00:05:41.877462Z,2026-04-29T00:05:41.123000Z,1777421141123,BRENTOIL,xyz:BRENTOIL,103.67,173.33,13,103.68,0.12,1,103.67500000000001,0.010000000000005116,0.9645526886911131,5248.46,543968.9862,4580.7,475068.0287,26066.19,2699687.561500001,37236.57000000001,3865112.11
2026-04-29T00:05:42.554549Z,2026-04-29T00:05:41.679000Z,1777421141679,BRENTOIL,xyz:BRENTOIL,103.67,73.45,13,103.68,106.12,4,103.67500000000001,0.010000000000005116,0.9645526886911131,4892.53,507075.4931,5938.66,615888.6264,25768.749999999996,2668853.699,34903.55,3622918.8852999997
2026-04-29T00:05:43.209404Z,2026-04-29T00:05:42.765000Z,1777421142765,BRENTOIL,xyz:BRENTOIL,103.68,227.16,3,103.7,31.46,3,103.69,0.01999999999999602,1.9288263091904736,4652.47,482268.1182000001,4753.93,493113.917,26709.699999999997,2766516.5821,35814.78,3718051.9221999994
2026-04-29T00:05:44.030765Z,2026-04-29T00:05:43.331000Z,1777421143331,BRENTOIL,xyz:BRENTOIL,103.68,62.16,1,103.69,13.48,1,103.685,0.009999999999990905,0.9644596614737816,3996.92,414308.46820000006,2407.2200000000003,249676.0101,26012.85,2694277.9649,29815.31,3095181.7709999997
2026-04-29T00:05:45.000615Z,2026-04-29T00:05:44.409000Z,1777421144409,BRENTOIL,xyz:BRENTOIL,103.69,289.72,4,103.7,23.89,3,103.695,0.010000000000005116,0.9643666522016603,2583.0699999999997,267776.22140000004,3239.55,336039.8514,23943.589999999997,2480058.1647,33336.3,3460863.5525999996
2026-04-29T00:05:46.001862Z,2026-04-29T00:05:45.444000Z,1777421145444,BRENTOIL,xyz:BRENTOIL,103.69,976.85,5,103.7,23.89,3,103.695,0.010000000000005116,0.9643666522016603,3448.9300000000003,357548.7524,3615.1499999999996,375003.99179999996,26439.029999999995,2738510.5755999996,33721.93,3500869.4048999995
2026-04-29T00:05:47.000394Z,2026-04-29T00:05:46.525000Z,1777421146525,BRENTOIL,xyz:BRENTOIL,103.69,976.97,6,103.7,23.89,3,103.695,0.010000000000005116,0.9643666522016603,3529.05,365854.7952,3665.2699999999995,380202.43700000003,26519.149999999998,2746816.6183999996,33768.21,3505669.4516999996
2026-04-29T00:05:48.000991Z,2026-04-29T00:05:47.605000Z,1777421147605,BRENTOIL,xyz:BRENTOIL,103.69,892.63,7,103.7,23.89,3,103.695,0.010000000000005116,0.9643666522016603,3444.71,357110.4433,3617.1899999999996,375215.5782,26463.719999999998,2741068.4029000006,33754.530000000006,3504264.4726999993
2026-04-29T00:05:49.000792Z,2026-04-29T00:05:48.142000Z,1777421148142,BRENTOIL,xyz:BRENTOIL,103.69,83.18,6,103.7,31.1,4,103.695,0.010000000000005116,0.9643666522016603,3654.84,378878.36819999997,3689.59,382724.8159,26644.88,2759817.099600001,33804.54000000001,3509447.6311999992
2026-04-29T00:05:50.000908Z,2026-04-29T00:05:49.232000Z,1777421149232,BRENTOIL,xyz:BRENTOIL,103.69,16.26,7,103.7,156.55,8,103.695,0.010000000000005116,0.9643666522016603,407.15999999999997,42204.657400000004,3161.89,327981.1275,23332.789999999997,2416482.8923,31678.59,3288885.5687
