captured_at_utc,exchange_time,exchange_time_ms,asset,symbol,market_id,book_nonce,best_bid_px,best_bid_sz,best_bid_orders,best_ask_px,best_ask_sz,best_ask_orders,mid_px,spread_px,spread_bps,bid_depth_5_sz,bid_depth_5_notional,ask_depth_5_sz,ask_depth_5_notional,bid_depth_20_sz,bid_depth_20_notional,ask_depth_20_sz,ask_depth_20_notional
2026-04-29T00:00:00.012531Z,2026-04-28T23:59:51.494798Z,1777420791494,BRENTOIL,BRENTOIL,159,10973101177,103.84,11.6315,0,103.86,58.4328,0,103.85,0.01999999999999602,1.9258545979774697,3475.0253,360744.54342,1406.9479999999999,146172.49680199998,41872.899600000004,4343090.826336,27719.917899999997,2882485.640671999
2026-04-29T00:00:01.052812Z,2026-04-29T00:00:00.616993Z,1777420800616,BRENTOIL,BRENTOIL,159,10973105338,103.84,2968.3064,0,103.86,152.2152,0,103.85,0.01999999999999602,1.9258545979774697,8008.323399999999,831383.8091729999,1785.8646,185535.24680400002,28174.6582,2922695.7706719995,25731.7103,2675711.7539969995
2026-04-29T00:00:02.002507Z,2026-04-29T00:00:01.571895Z,1777420801571,BRENTOIL,BRENTOIL,159,10973105992,103.85,227.128,0,103.86,154.5876,0,103.85499999999999,0.010000000000005116,0.96288093977229,12371.686300000001,1284371.477834,993.9689999999999,103266.46378000002,45315.92600000001,4701060.524199,32284.572200000002,3357784.332643
2026-04-29T00:00:03.011411Z,2026-04-29T00:00:02.558376Z,1777420802558,BRENTOIL,BRENTOIL,159,10973106770,103.85,119.128,0,103.86,154.5876,0,103.85499999999999,0.010000000000005116,0.96288093977229,8385.2762,870580.009454,993.9689999999999,103266.46378000002,47348.88540000001,4911923.287437,27862.881200000003,2897471.660943
2026-04-29T00:00:04.002704Z,2026-04-29T00:00:03.410678Z,1777420803410,BRENTOIL,BRENTOIL,159,10973107512,103.85,2888.8884,0,103.86,154.5876,0,103.85499999999999,0.010000000000005116,0.96288093977229,8385.2762,870601.7506579999,1392.6981,144705.468541,39743.5888,4122964.594525,38855.494600000005,4041483.86965
2026-04-29T00:00:05.012580Z,2026-04-29T00:00:03.861099Z,1777420803861,BRENTOIL,BRENTOIL,159,10973107913,103.85,2888.8884,0,103.86,154.5876,0,103.85499999999999,0.010000000000005116,0.96288093977229,8385.2762,870601.7506579999,993.9689999999999,103266.46378000002,47055.2135,4881317.162148001,28602.198600000003,2974405.029599
2026-04-29T00:00:06.011239Z,2026-04-29T00:00:05.392735Z,1777420805392,BRENTOIL,BRENTOIL,159,10973109295,103.85,2885.2884,0,103.86,154.5876,0,103.85499999999999,0.010000000000005116,0.96288093977229,8271.6762,858806.6132360001,1167.5285,121299.29583000002,46941.6137,4869522.045482001,31759.978599999995,3302790.023983999
2026-04-29T00:00:07.005183Z,2026-04-29T00:00:06.482689Z,1777420806482,BRENTOIL,BRENTOIL,159,10973110618,103.85,108.0,0,103.88,2.3724,0,103.865,0.030000000000001137,2.8883647041834246,9950.2482,1033005.170574,438.1091,45530.878331,38984.3785,4044086.3770250003,4851.277700000001,504558.0673239999
2026-04-29T00:00:08.013112Z,2026-04-29T00:00:07.505297Z,1777420807505,BRENTOIL,BRENTOIL,159,10973111938,103.87,2900.5601,0,103.88,2.3724,0,103.875,0.009999999999990905,0.9626955475322171,4071.9036000000006,422920.515976,978.1184000000001,101645.236201,37788.9149,3921326.875198,32449.7203,3375533.531076
2026-04-29T00:00:09.057395Z,2026-04-29T00:00:08.022526Z,1777420808022,BRENTOIL,BRENTOIL,159,10973112477,103.87,2900.5601,0,103.88,2.3724,0,103.875,0.009999999999990905,0.9626955475322171,8428.572800000002,875230.3163610001,978.1184000000001,101645.236201,46972.6765,4873316.0066949995,32449.7203,3375533.531076
2026-04-29T00:00:10.031871Z,2026-04-29T00:00:08.752932Z,1777420808752,BRENTOIL,BRENTOIL,159,10973113240,103.87,2900.5601,0,103.88,2.3724,0,103.875,0.009999999999990905,0.9626955475322171,4071.9036000000006,422920.515976,978.1184000000001,101645.236201,37788.9149,3921326.875198,32449.7203,3375533.531076
2026-04-29T00:00:11.012994Z,2026-04-29T00:00:08.752932Z,1777420808752,BRENTOIL,BRENTOIL,159,10973113240,103.87,2900.5601,0,103.88,2.3724,0,103.875,0.009999999999990905,0.9626955475322171,4071.9036000000006,422920.515976,978.1184000000001,101645.236201,37788.9149,3921326.875198,32449.7203,3375533.531076
2026-04-29T00:00:12.006514Z,2026-04-29T00:00:11.294363Z,1777420811294,BRENTOIL,BRENTOIL,159,10973115911,103.87,2900.5601,0,103.88,2.3724,0,103.875,0.009999999999990905,0.9626955475322171,4071.9036000000006,422920.538554,978.1184000000001,101645.236201,37865.97200000001,3929326.580712999,32449.7203,3375533.531076
2026-04-29T00:00:13.001439Z,2026-04-29T00:00:12.560732Z,1777420812560,BRENTOIL,BRENTOIL,159,10973117403,103.87,11.6717,0,103.88,98.5272,0,103.875,0.009999999999990905,0.9626955475322171,3500.0634999999997,363414.588239,1179.3879,122540.592068,34650.799699999996,3594424.923394,32589.738,3389896.899887
2026-04-29T00:00:14.012360Z,2026-04-29T00:00:13.192920Z,1777420813192,BRENTOIL,BRENTOIL,159,10973118228,103.87,11.5517,0,103.88,98.5272,0,103.875,0.009999999999990905,0.9626955475322171,3471.9809,360498.487455,1179.3879,122540.592068,43317.33989999999,4493538.017361,32589.738,3389896.711719
2026-04-29T00:00:15.009440Z,2026-04-29T00:00:13.887122Z,1777420813887,BRENTOIL,BRENTOIL,159,10973119017,103.87,11.5517,0,103.88,98.5272,0,103.875,0.009999999999990905,0.9626955475322171,4068.259,422396.528466,1179.3879,122540.592068,43709.392499999994,4534172.679681,32589.738,3389896.711719
2026-04-29T00:00:16.006925Z,2026-04-29T00:00:15.017008Z,1777420815017,BRENTOIL,BRENTOIL,159,10973120198,103.87,11.5517,0,103.88,98.5272,0,103.875,0.009999999999990905,0.9626955475322171,4068.259,422396.528466,1179.3879,122540.592068,43709.392499999994,4534172.679681,32589.738,3389896.711719
2026-04-29T00:00:17.001301Z,2026-04-29T00:00:16.481146Z,1777420816481,BRENTOIL,BRENTOIL,159,10973121614,103.87,90.9617,0,103.88,2.3724,0,103.875,0.009999999999990905,0.9626955475322171,3836.7351,398431.8110659999,807.0092,83859.664057,41801.143,4336638.779963,31903.606699999997,3318661.7753509996
2026-04-29T00:00:18.013043Z,2026-04-29T00:00:17.366158Z,1777420817366,BRENTOIL,BRENTOIL,159,10973122608,103.87,6.5446,0,103.88,178.0123,0,103.875,0.009999999999990905,0.9626955475322171,3466.9469000000004,360003.701525,1315.0118,136632.475224,31805.634199999997,3299480.421271,16048.516500000002,1669165.789174
2026-04-29T00:00:19.021431Z,2026-04-29T00:00:18.500537Z,1777420818500,BRENTOIL,BRENTOIL,159,10973124022,103.79,6.7224,0,103.8,0.1615,0,103.795,0.009999999999990905,0.9634375451602587,389.4375,40406.03198299999,642.2266,66683.71122299999,24426.906399999993,2532829.5962549993,10778.6922,1120120.653624
2026-04-29T00:00:20.040629Z,2026-04-29T00:00:19.611281Z,1777420819611,BRENTOIL,BRENTOIL,159,10973125124,103.79,6.6307,0,103.8,98.6023,0,103.795,0.009999999999990905,0.9634375451602587,3045.5402,316061.23559999996,1054.4372,109481.67544199999,36143.128000000004,3747407.274736,26438.081199999997,2747654.0577439996
2026-04-29T00:00:21.016241Z,2026-04-29T00:00:20.566316Z,1777420820566,BRENTOIL,BRENTOIL,159,10973126058,103.78,198.533,0,103.81,2.4475,0,103.795,0.030000000000001137,2.8903126354835145,6259.534900000001,649377.2527310001,895.5428999999999,93009.829726,21146.0098,2192399.1823519995,15618.744500000003,1623607.7322439998
2026-04-29T00:00:22.047470Z,2026-04-29T00:00:21.617904Z,1777420821617,BRENTOIL,BRENTOIL,159,10973126978,103.82,7.07,0,103.83,10.7824,0,103.82499999999999,0.010000000000005116,0.9631591620520219,7323.020399999999,759960.9297900001,1065.7308,110682.57911299999,40453.673,4194805.779657,27246.98,2832479.569982
2026-04-29T00:00:23.010508Z,2026-04-29T00:00:22.274532Z,1777420822274,BRENTOIL,BRENTOIL,159,10973127671,103.81,7.3252,0,103.82,1.4191,0,103.815,0.009999999999990905,0.9632519385436503,7323.275600000001,759987.755443,719.5227,74721.969024,40453.92630000001,4194832.375871,27102.1402,2817412.961836
2026-04-29T00:00:24.025172Z,2026-04-29T00:00:23.123259Z,1777420823123,BRENTOIL,BRENTOIL,159,10973128581,103.81,7.0852,0,103.82,1.4191,0,103.815,0.009999999999990905,0.9632519385436503,7323.0356,759962.8410430001,719.5227,74721.969024,40453.6863,4194807.461471,27102.1402,2817412.961836
2026-04-29T00:00:25.008548Z,2026-04-29T00:00:24.481815Z,1777420824481,BRENTOIL,BRENTOIL,159,10973129952,103.79,8.0904,0,103.8,1.4065,0,103.795,0.009999999999990905,0.9634375451602587,3392.1090999999997,351993.03934699995,1300.3285999999998,135015.463751,36631.116200000004,3797322.230393,22082.2275,2295070.616315
2026-04-29T00:00:26.007348Z,2026-04-29T00:00:25.444902Z,1777420825444,BRENTOIL,BRENTOIL,159,10973130924,103.78,8.0647,0,103.79,97.5673,0,103.785,0.010000000000005116,0.9635303752955742,4028.4509,417997.96000499994,744.1974,77260.283564,42880.406299999995,4445307.898088,28484.7347,2960073.794595
2026-04-29T00:00:27.004370Z,2026-04-29T00:00:26.287731Z,1777420826287,BRENTOIL,BRENTOIL,159,10973131652,103.78,0.8647,0,103.79,97.5673,0,103.785,0.010000000000005116,0.9635303752955742,4021.2509,417250.721626,892.3911,92647.56804499999,42873.20629999999,4444560.659708999,28473.645,2958919.9709739997
2026-04-29T00:00:28.001577Z,2026-04-29T00:00:27.338402Z,1777420827338,BRENTOIL,BRENTOIL,159,10973132437,103.78,0.6247,0,103.79,97.5673,0,103.785,0.010000000000005116,0.9635303752955742,3130.7151,324871.06969299994,892.3911,92647.56804499999,42572.6449,4413422.300764999,28473.645,2958919.9709739997
2026-04-29T00:00:29.050812Z,2026-04-29T00:00:28.529076Z,1777420828529,BRENTOIL,BRENTOIL,159,10973133560,103.77,2888.6484,0,103.78,9.1542,0,103.775,0.010000000000005116,0.9636232233201749,4020.1642,417133.584001,502.5801,52171.03957899999,42698.4071,4426428.763917999,23951.5308,2488627.969225
2026-04-29T00:00:30.015310Z,2026-04-29T00:00:29.528477Z,1777420829528,BRENTOIL,BRENTOIL,159,10973134364,103.77,2881.2084,0,103.78,9.1542,0,103.775,0.010000000000005116,0.9636232233201749,4012.7242,416361.53520099993,502.5801,52171.03957899999,42690.967099999994,4425656.715117999,23951.5308,2488627.969225
2026-04-29T00:00:31.013340Z,2026-04-29T00:00:30.578284Z,1777420830578,BRENTOIL,BRENTOIL,159,10973135244,103.72,42.642,0,103.78,19.5065,0,103.75,0.060000000000002274,5.783132530120701,4850.3567,502945.107673,1072.205,111295.583656,24490.115700000002,2537613.4157929993,27402.877600000003,2847315.000641
2026-04-29T00:00:32.007147Z,2026-04-29T00:00:31.353094Z,1777420831353,BRENTOIL,BRENTOIL,159,10973135926,103.75,2889.43,0,103.76,1.5084,0,103.755,0.010000000000005116,0.9638089730620323,3501.4840000000004,363262.05868,900.3053,93441.439753,44127.49469999999,4573329.066581999,26814.132200000004,2786033.759266
2026-04-29T00:00:33.004424Z,2026-04-29T00:00:32.510410Z,1777420832510,BRENTOIL,BRENTOIL,159,10973137181,103.73,0.4911,0,103.74,12.7319,0,103.735,0.009999999999990905,0.9639947944272333,6818.2985,706823.0435649999,641.2052,66535.153738,29863.829900000004,3093499.0868490003,6033.176600000001,626513.8503670001
2026-04-29T00:00:34.000688Z,2026-04-29T00:00:33.470634Z,1777420833470,BRENTOIL,BRENTOIL,159,10973138211,103.73,2881.6884,0,103.74,13.5652,0,103.735,0.009999999999990905,0.9639947944272333,7418.7196,769329.867284,642.0385,66621.60028,35840.3126,3713804.0337469997,25293.265900000002,2626991.8102329997
2026-04-29T00:00:35.010462Z,2026-04-29T00:00:34.259157Z,1777420834259,BRENTOIL,BRENTOIL,159,10973138917,103.73,2881.6884,0,103.74,13.5652,0,103.735,0.009999999999990905,0.9639947944272333,7514.874400000001,779300.1584960001,642.0385,66621.60028,48454.9906,5020316.808618001,25293.277500000004,2626992.869326
2026-04-29T00:00:36.005913Z,2026-04-29T00:00:35.322994Z,1777420835322,BRENTOIL,BRENTOIL,159,10973139680,103.73,2874.4884,0,103.74,13.5652,0,103.735,0.009999999999990905,0.9639947944272333,3655.8232,379193.751742,801.3192,83151.751326,44050.5272,4564356.91589,25293.277500000004,2626991.276519
2026-04-29T00:00:37.001120Z,2026-04-29T00:00:36.338040Z,1777420836338,BRENTOIL,BRENTOIL,159,10973140493,103.73,2867.1684,0,103.74,13.5652,0,103.735,0.009999999999990905,0.9639947944272333,7301.1429,757135.265903,801.3192,83151.751326,47663.30939999999,4938266.8812770005,25423.8339,2640539.301002
2026-04-29T00:00:38.002454Z,2026-04-29T00:00:37.496384Z,1777420837496,BRENTOIL,BRENTOIL,159,10973141342,103.73,2867.0484,0,103.74,13.5652,0,103.735,0.009999999999990905,0.9639947944272333,8333.940700000001,864207.711387,801.3191999999999,83150.15851899999,47841.250799999994,4956680.74768,25423.8339,2640537.7081950004
2026-04-29T00:00:39.059730Z,2026-04-29T00:00:38.600535Z,1777420838600,BRENTOIL,BRENTOIL,159,10973142165,103.73,2867.0484,0,103.74,13.5652,0,103.735,0.009999999999990905,0.9639947944272333,13119.4852,1360264.485549,1039.7062,107883.600832,52579.5921,5447051.130675001,28602.402900000005,2970783.0829300005
2026-04-29T00:00:40.017312Z,2026-04-29T00:00:39.458191Z,1777420839458,BRENTOIL,BRENTOIL,159,10973142867,103.73,2863.4484,0,103.74,13.5652,0,103.735,0.009999999999990905,0.9639947944272333,8240.9554,854557.4237710001,1039.7062,107883.600832,47548.82749999999,4926367.746386,28602.402900000005,2970783.0829300005
2026-04-29T00:00:41.053152Z,2026-04-29T00:00:40.493267Z,1777420840493,BRENTOIL,BRENTOIL,159,10973143780,103.73,2863.3284,0,103.74,13.5652,0,103.735,0.009999999999990905,0.9639947944272333,8639.3727,895941.142129,983.7208,102087.22070600001,42607.3097,4415330.868417,33441.5235,3473798.847705
2026-04-29T00:00:42.011594Z,2026-04-29T00:00:41.623994Z,1777420841623,BRENTOIL,BRENTOIL,159,10973144760,103.75,79.469,0,103.76,1.55,0,103.755,0.010000000000005116,0.9638089730620323,1234.7161,128064.37852,854.021,88655.04246899999,22685.226500000004,2350961.2935679997,25159.426000000003,2614394.680407
2026-04-29T00:00:43.001783Z,2026-04-29T00:00:42.623201Z,1777420842623,BRENTOIL,BRENTOIL,159,10973145511,103.75,2968.2374,0,103.77,13.6326,0,103.75999999999999,0.01999999999999602,1.9275250578253684,4334.0408,449617.51855,866.1036,89908.869371,30157.885500000008,3125667.4613169995,28928.7557,3006001.5186069994
2026-04-29T00:00:44.004871Z,2026-04-29T00:00:43.334957Z,1777420843334,BRENTOIL,BRENTOIL,159,10973146007,103.75,2960.4943,0,103.77,13.4409,0,103.75999999999999,0.01999999999999602,1.9275250578253684,13166.7396,1365704.5495139998,1170.3611,121500.324163,42494.70880000001,4404408.53989,32858.65350000001,3414633.8803679994
2026-04-29T00:00:45.001397Z,2026-04-29T00:00:44.545581Z,1777420844545,BRENTOIL,BRENTOIL,159,10973147176,103.75,2960.4943,0,103.77,13.4409,0,103.75999999999999,0.01999999999999602,1.9275250578253684,13166.7396,1365704.5495139998,1170.3611,121500.324163,42494.69520000001,4404409.058886,32858.65350000001,3414633.8803679994
2026-04-29T00:00:46.013332Z,2026-04-29T00:00:45.478003Z,1777420845478,BRENTOIL,BRENTOIL,159,10973147869,103.75,67.8859,0,103.76,11.199,0,103.755,0.010000000000005116,0.9638089730620323,1643.6545,170468.521472,715.2196,74237.284522,18128.372500000005,1878113.9247210003,25733.202600000004,2673731.1132799997
2026-04-29T00:00:47.006893Z,2026-04-29T00:00:46.163163Z,1777420846163,BRENTOIL,BRENTOIL,159,10973148412,103.76,2885.1684,0,103.77,109.6875,0,103.765,0.009999999999990905,0.9637160892392334,3461.3063000000006,359131.105637,1271.0538999999999,131949.482791,24023.770200000003,2489802.1929369997,32954.89590000001,3424620.9190620002
2026-04-29T00:00:48.050181Z,2026-04-29T00:00:47.150406Z,1777420847150,BRENTOIL,BRENTOIL,159,10973149092,103.76,2881.4484,0,103.77,109.6875,0,103.765,0.009999999999990905,0.9637160892392334,12226.807799999999,1268289.79798,1271.0538999999999,131949.482791,41455.93689999999,4297116.28884,32954.8959,3424621.073256
2026-04-29T00:00:49.012960Z,2026-04-29T00:00:48.572133Z,1777420848572,BRENTOIL,BRENTOIL,159,10973150262,103.76,2881.4484,0,103.77,1.5431,0,103.765,0.009999999999990905,0.9637160892392334,12282.5585,1274073.222132,1026.3506,106552.274008,41547.4851,4306621.566085,32750.596700000006,3403419.830258
2026-04-29T00:00:50.000164Z,2026-04-29T00:00:49.064959Z,1777420849064,BRENTOIL,BRENTOIL,159,10973150638,103.76,2881.4484,0,103.77,1.5431,0,103.765,0.009999999999990905,0.9637160892392334,12322.9626,1278264.743466,852.6742999999999,88519.463779,40431.5403,4190959.052338,29797.5132,3096584.043234
2026-04-29T00:00:51.010109Z,2026-04-29T00:00:50.431943Z,1777420850431,BRENTOIL,BRENTOIL,159,10973151533,103.76,2881.4484,0,103.79,81.0448,0,103.775,0.030000000000001137,2.8908696699591556,12323.1374,1278283.3053859998,1711.2988,177682.281311,42280.4051,4382550.762523,38503.0388,4001727.822635
2026-04-29T00:00:52.008407Z,2026-04-29T00:00:51.512820Z,1777420851512,BRENTOIL,BRENTOIL,159,10973152262,103.78,9.8661,0,103.79,81.0448,0,103.785,0.010000000000005116,0.9635303752955742,791.0343,82061.35565499999,1572.7881,163300.355786,30355.3349,3146565.7061279994,38399.0704,3990943.173972
2026-04-29T00:00:53.006690Z,2026-04-29T00:00:52.513852Z,1777420852513,BRENTOIL,BRENTOIL,159,10973152893,103.78,6.1461,0,103.79,81.0448,0,103.785,0.010000000000005116,0.9635303752955742,3676.2027000000003,381455.243323,1572.7881,163300.355786,36974.6381,3832880.6079,38399.0704,3990943.247406
2026-04-29T00:00:54.014764Z,2026-04-29T00:00:53.021629Z,1777420853021,BRENTOIL,BRENTOIL,159,10973153200,103.78,2.5461,0,103.79,81.0448,0,103.785,0.010000000000005116,0.9635303752955742,3343.4846000000002,346945.45480999997,1572.7881,163300.355786,37499.4211,3887305.96746,38399.0704,3990943.247406
2026-04-29T00:00:55.009865Z,2026-04-29T00:00:54.422556Z,1777420854422,BRENTOIL,BRENTOIL,159,10973154556,103.77,2967.3085,0,103.78,1.5654,0,103.775,0.010000000000005116,0.9636232233201749,7991.213300000001,829010.961294,746.6792,77517.192476,37873.88470000001,3926087.967195,31774.026499999996,3302004.3948569996
2026-04-29T00:00:56.014584Z,2026-04-29T00:00:55.235216Z,1777420855235,BRENTOIL,BRENTOIL,159,10973155372,103.77,2963.7085,0,103.78,1.5654,0,103.775,0.010000000000005116,0.9636232233201749,7987.613300000001,828637.3892940001,746.6792,77517.192476,37870.28540000001,3925714.3328430005,31774.0272,3302004.4675939996
2026-04-29T00:00:57.004796Z,2026-04-29T00:00:55.235216Z,1777420855235,BRENTOIL,BRENTOIL,159,10973155372,103.77,2963.7085,0,103.78,1.5654,0,103.775,0.010000000000005116,0.9636232233201749,7987.613300000001,828637.3892940001,746.6792,77517.192476,37870.28540000001,3925714.3328430005,31774.0272,3302004.4675939996
2026-04-29T00:00:58.049106Z,2026-04-29T00:00:57.281489Z,1777420857281,BRENTOIL,BRENTOIL,159,10973156927,103.77,2963.7085,0,103.78,1.5654,0,103.775,0.010000000000005116,0.9636232233201749,7931.552900000001,822822.780479,920.3556000000001,95548.454892,37814.225000000006,3919899.724028,31774.043999999998,3302002.9171459996
2026-04-29T00:00:59.022907Z,2026-04-29T00:00:57.281489Z,1777420857281,BRENTOIL,BRENTOIL,159,10973156927,103.77,2963.7085,0,103.78,1.5654,0,103.775,0.010000000000005116,0.9636232233201749,7931.552900000001,822822.780479,920.3556000000001,95548.454892,37814.225000000006,3919899.724028,31774.043999999998,3302002.9171459996
2026-04-29T00:01:00.005933Z,2026-04-29T00:00:59.507610Z,1777420859507,BRENTOIL,BRENTOIL,159,10973158510,103.75,0.7399,0,103.76,96.1548,0,103.755,0.010000000000005116,0.9638089730620323,1367.6488,141841.64670199997,525.6283000000001,54552.485386,19352.6361,2005722.8260070002,17876.7596,1857104.961587
2026-04-29T00:01:01.004046Z,2026-04-29T00:01:00.581307Z,1777420860581,BRENTOIL,BRENTOIL,159,10973159178,103.77,3010.5467,0,103.84,371.1824,0,103.805,0.07000000000000739,6.743413130389421,3930.0496999999996,407793.653154,1670.1282999999999,173453.33780900002,24010.4099,2488445.0137760006,21083.0628,2191391.0926889996
2026-04-29T00:01:02.001731Z,2026-04-29T00:01:01.520355Z,1777420861520,BRENTOIL,BRENTOIL,159,10973160270,103.76,2968.3604,0,103.78,96.1548,0,103.77000000000001,0.01999999999999602,1.9273393080848047,12381.0108,1284290.1381090002,781.6238000000001,81138.837378,42171.5821,4371119.1969800005,27723.3356,2880978.163407
2026-04-29T00:01:03.001396Z,2026-04-29T00:01:02.418442Z,1777420862418,BRENTOIL,BRENTOIL,159,10973161269,103.77,3.8033,0,103.78,96.1548,0,103.775,0.010000000000005116,0.9636232233201749,3570.7828,370493.48011400003,781.6238000000001,81138.837378,37339.653,3870732.123235,27724.299899999998,2881078.267447
2026-04-29T00:01:04.010280Z,2026-04-29T00:01:03.365735Z,1777420863365,BRENTOIL,BRENTOIL,159,10973162229,103.76,2968.3604,0,103.77,9.8553,0,103.765,0.009999999999990905,0.9637160892392334,12421.4149,1288479.771361,400.8459,41605.983035000005,42211.03710000001,4375209.064487,23712.550900000002,2463974.257926
2026-04-29T00:01:05.010186Z,2026-04-29T00:01:03.365735Z,1777420863365,BRENTOIL,BRENTOIL,159,10973162229,103.76,2968.3604,0,103.77,9.8553,0,103.765,0.009999999999990905,0.9637160892392334,12421.4149,1288479.771361,400.8459,41605.983035000005,42211.03710000001,4375209.064487,23712.550900000002,2463974.257926
2026-04-29T00:01:06.007328Z,2026-04-29T00:01:03.365735Z,1777420863365,BRENTOIL,BRENTOIL,159,10973162229,103.76,2968.3604,0,103.77,9.8553,0,103.765,0.009999999999990905,0.9637160892392334,12421.4149,1288479.771361,400.8459,41605.983035000005,42211.03710000001,4375209.064487,23712.550900000002,2463974.257926
2026-04-29T00:01:07.007088Z,2026-04-29T00:01:03.365735Z,1777420863365,BRENTOIL,BRENTOIL,159,10973162229,103.76,2968.3604,0,103.77,9.8553,0,103.765,0.009999999999990905,0.9637160892392334,12421.4149,1288479.771361,400.8459,41605.983035000005,42211.03710000001,4375209.064487,23712.550900000002,2463974.257926
2026-04-29T00:01:08.001939Z,2026-04-29T00:01:03.365735Z,1777420863365,BRENTOIL,BRENTOIL,159,10973162229,103.76,2968.3604,0,103.77,9.8553,0,103.765,0.009999999999990905,0.9637160892392334,12421.4149,1288479.771361,400.8459,41605.983035000005,42211.03710000001,4375209.064487,23712.550900000002,2463974.257926
2026-04-29T00:01:09.014730Z,2026-04-29T00:01:03.365735Z,1777420863365,BRENTOIL,BRENTOIL,159,10973162229,103.76,2968.3604,0,103.77,9.8553,0,103.765,0.009999999999990905,0.9637160892392334,12421.4149,1288479.771361,400.8459,41605.983035000005,42211.03710000001,4375209.064487,23712.550900000002,2463974.257926
2026-04-29T00:01:10.014749Z,2026-04-29T00:01:03.365735Z,1777420863365,BRENTOIL,BRENTOIL,159,10973162229,103.76,2968.3604,0,103.77,9.8553,0,103.765,0.009999999999990905,0.9637160892392334,12421.4149,1288479.771361,400.8459,41605.983035000005,42211.03710000001,4375209.064487,23712.550900000002,2463974.257926
2026-04-29T00:01:11.013203Z,2026-04-29T00:01:03.365735Z,1777420863365,BRENTOIL,BRENTOIL,159,10973162229,103.76,2968.3604,0,103.77,9.8553,0,103.765,0.009999999999990905,0.9637160892392334,12421.4149,1288479.771361,400.8459,41605.983035000005,42211.03710000001,4375209.064487,23712.550900000002,2463974.257926
2026-04-29T00:01:12.013693Z,2026-04-29T00:01:03.365735Z,1777420863365,BRENTOIL,BRENTOIL,159,10973162229,103.76,2968.3604,0,103.77,9.8553,0,103.765,0.009999999999990905,0.9637160892392334,12421.4149,1288479.771361,400.8459,41605.983035000005,42211.03710000001,4375209.064487,23712.550900000002,2463974.257926
2026-04-29T00:01:13.011675Z,2026-04-29T00:01:03.365735Z,1777420863365,BRENTOIL,BRENTOIL,159,10973162229,103.76,2968.3604,0,103.77,9.8553,0,103.765,0.009999999999990905,0.9637160892392334,12421.4149,1288479.771361,400.8459,41605.983035000005,42211.03710000001,4375209.064487,23712.550900000002,2463974.257926
2026-04-29T00:01:14.006457Z,2026-04-29T00:01:03.365735Z,1777420863365,BRENTOIL,BRENTOIL,159,10973162229,103.76,2968.3604,0,103.77,9.8553,0,103.765,0.009999999999990905,0.9637160892392334,12421.4149,1288479.771361,400.8459,41605.983035000005,42211.03710000001,4375209.064487,23712.550900000002,2463974.257926
2026-04-29T00:01:15.003093Z,2026-04-29T00:01:03.365735Z,1777420863365,BRENTOIL,BRENTOIL,159,10973162229,103.76,2968.3604,0,103.77,9.8553,0,103.765,0.009999999999990905,0.9637160892392334,12421.4149,1288479.771361,400.8459,41605.983035000005,42211.03710000001,4375209.064487,23712.550900000002,2463974.257926
2026-04-29T00:01:16.000197Z,2026-04-29T00:01:07.853648Z,1777420867853,BRENTOIL,BRENTOIL,159,10973166211,103.75,2885.2884,0,103.76,306.6816,0,103.755,0.010000000000005116,0.9638089730620323,12607.9114,1307608.0850099998,1695.0705,175918.544083,45093.08350000001,4673036.274646,17560.1253,1824005.0156999996
2026-04-29T00:01:17.042741Z,2026-04-29T00:01:16.631109Z,1777420876631,BRENTOIL,BRENTOIL,159,10973175800,103.74,2891.3609,0,103.76,77.714,0,103.75,0.020000000000010232,1.92771084337448,12766.1721,1324061.765829,1364.1359,141588.614631,51184.69830000001,5304215.628231,24406.900299999994,2535619.537443
2026-04-29T00:01:18.043781Z,2026-04-29T00:01:17.571602Z,1777420877571,BRENTOIL,BRENTOIL,159,10973176609,103.75,9.1794,0,103.76,74.524,0,103.755,0.010000000000005116,0.9638089730620323,12553.2867,1301874.214148,1517.326,157491.43841200002,42657.666500000014,4421053.5711199995,31144.432499999995,3235647.6320760003
2026-04-29T00:01:19.040325Z,2026-04-29T00:01:18.472970Z,1777420878472,BRENTOIL,BRENTOIL,159,10973177302,103.75,9.1794,0,103.76,74.524,0,103.755,0.010000000000005116,0.9638089730620323,12909.8315,1338843.1570300001,1557.7300999999998,161685.78803300002,47730.21580000001,4946308.5040110005,31184.836599999995,3239842.11663
2026-04-29T00:01:20.003483Z,2026-04-29T00:01:18.472970Z,1777420878472,BRENTOIL,BRENTOIL,159,10973177302,103.75,9.1794,0,103.76,74.524,0,103.755,0.010000000000005116,0.9638089730620323,12909.8315,1338843.1570300001,1557.7300999999998,161685.78803300002,47730.21580000001,4946308.5040110005,31184.836599999995,3239842.11663
2026-04-29T00:01:21.043419Z,2026-04-29T00:01:20.681428Z,1777420880681,BRENTOIL,BRENTOIL,159,10973179229,103.73,2970.8438,0,103.76,74.524,0,103.745,0.030000000000001137,2.8917056243675487,12799.095800000001,1327357.3204070001,1323.795,137394.68394299998,47619.487400000005,4934822.4593670005,27231.783499999998,2828846.60833
2026-04-29T00:01:22.047334Z,2026-04-29T00:01:21.338074Z,1777420881338,BRENTOIL,BRENTOIL,159,10973179919,103.75,8.9527,0,103.76,74.524,0,103.755,0.010000000000005116,0.9638089730620323,12314.519400000001,1277108.556353,1480.1751,153626.93832299998,47261.71710000001,4897760.76816,27328.2019,2838856.167001
2026-04-29T00:01:23.049006Z,2026-04-29T00:01:22.608741Z,1777420882608,BRENTOIL,BRENTOIL,159,10973180864,103.75,7.6423,0,103.76,74.524,0,103.755,0.010000000000005116,0.9638089730620323,11860.5406,1230028.504733,1536.2355,159444.482594,47853.2021,4958995.240553999,26551.0765,2758104.586727
2026-04-29T00:01:24.059870Z,2026-04-29T00:01:23.168381Z,1777420883168,BRENTOIL,BRENTOIL,159,10973181242,103.75,7.5223,0,103.76,74.524,0,103.755,0.010000000000005116,0.9638089730620323,11860.4206,1230016.054733,1536.2355,159444.482594,47853.08200000001,4958982.780195,26550.112599999997,2758004.408608
2026-04-29T00:01:25.045419Z,2026-04-29T00:01:24.369160Z,1777420884369,BRENTOIL,BRENTOIL,159,10973182070,103.75,2896.4107,0,103.76,74.524,0,103.755,0.010000000000005116,0.9638089730620323,12517.215300000002,1298185.0990660002,1343.6162,139455.009147,47523.42170000001,4924915.459744,27343.7381,2840490.619904
2026-04-29T00:01:26.045741Z,2026-04-29T00:01:25.490221Z,1777420885490,BRENTOIL,BRENTOIL,159,10973183046,103.75,2892.8107,0,103.76,74.524,0,103.755,0.010000000000005116,0.9638089730620323,12513.615300000001,1297811.5990660002,1343.6162,139455.009147,47519.82420000001,4924542.459821,27343.7381,2840490.619904
2026-04-29T00:01:27.042363Z,2026-04-29T00:01:26.627791Z,1777420886627,BRENTOIL,BRENTOIL,159,10973183923,103.75,2892.8107,0,103.76,74.524,0,103.755,0.010000000000005116,0.9638089730620323,12339.821800000002,1279787.4751810003,1480.1751,153626.93832299998,47346.03070000001,4906518.335936,27266.1831,2832431.910925
2026-04-29T00:01:28.041416Z,2026-04-29T00:01:27.175991Z,1777420887175,BRENTOIL,BRENTOIL,159,10973184337,103.75,2892.6907,0,103.76,74.524,0,103.755,0.010000000000005116,0.9638089730620323,12339.7018,1279775.0251810001,1480.1751,153626.93832299998,47345.91070000001,4906505.885936,27266.1831,2832431.910925
2026-04-29T00:01:29.041536Z,2026-04-29T00:01:28.341701Z,1777420888341,BRENTOIL,BRENTOIL,159,10973185286,103.75,2892.5707,0,103.76,74.524,0,103.755,0.010000000000005116,0.9638089730620323,12339.581800000002,1279762.5751810002,1480.1751,153626.93832299998,47345.790700000005,4906493.435935999,27266.1831,2832431.910925
2026-04-29T00:01:30.042966Z,2026-04-29T00:01:29.593193Z,1777420889593,BRENTOIL,BRENTOIL,159,10973186139,103.75,2888.7684,0,103.76,74.524,0,103.755,0.010000000000005116,0.9638089730620323,12330.335799999999,1278798.905262,1480.1751,153626.93832299998,45598.40830000001,4725436.239812,26667.640499999998,2770219.912142
2026-04-29T00:01:31.043323Z,2026-04-29T00:01:29.894147Z,1777420889894,BRENTOIL,BRENTOIL,159,10973186337,103.75,2888.7684,0,103.76,74.524,0,103.755,0.010000000000005116,0.9638089730620323,12438.335799999999,1290001.745262,1480.1751,153626.93832299998,45706.40830000001,4736639.079812,26667.640499999998,2770219.912142
2026-04-29T00:01:32.007961Z,2026-04-29T00:01:31.100278Z,1777420891100,BRENTOIL,BRENTOIL,159,10973187243,103.75,2888.7684,0,103.76,69.594,0,103.755,0.010000000000005116,0.9638089730620323,12698.694700000002,1317000.8134980001,1379.0903,143141.436895,45808.91520000001,4747274.879989999,30615.7636,3180706.411348
2026-04-29T00:01:33.042207Z,2026-04-29T00:01:32.254786Z,1777420892254,BRENTOIL,BRENTOIL,159,10973188121,103.76,1.5147,0,103.77,10.9543,0,103.765,0.009999999999990905,0.9637160892392334,3437.9085,356670.789178,1359.5605,141121.858485,39806.525700000006,4125946.9191050003,31098.7751,3230945.4452819997
2026-04-29T00:01:34.000162Z,2026-04-29T00:01:33.530745Z,1777420893530,BRENTOIL,BRENTOIL,159,10973189138,103.75,2886.6831,0,103.77,11.8222,0,103.75999999999999,0.01999999999999602,1.9275250578253684,3903.2776000000003,404932.97939200007,1360.4284,141211.920468,41944.509000000005,4347425.243085,31448.0473,3267229.18032
2026-04-29T00:01:35.016292Z,2026-04-29T00:01:34.262768Z,1777420894262,BRENTOIL,BRENTOIL,159,10973189657,103.75,2886.5631,0,103.77,11.8222,0,103.75999999999999,0.01999999999999602,1.9275250578253684,3903.1575999999995,404920.529392,1360.4284,141211.920468,41944.389,4347412.793085,31448.049699999996,3267229.3680179995
2026-04-29T00:01:36.034661Z,2026-04-29T00:01:35.552347Z,1777420895552,BRENTOIL,BRENTOIL,159,10973190576,103.75,2882.9631,0,103.76,79.489,0,103.755,0.010000000000005116,0.9638089730620323,12299.6218,1275622.3534300001,1541.2245,159974.680291,48115.649600000004,4986328.467983,31588.441899999998,3281797.3949609995
2026-04-29T00:01:37.014410Z,2026-04-29T00:01:35.801890Z,1777420895801,BRENTOIL,BRENTOIL,159,10973190770,103.75,2879.2431,0,103.76,79.489,0,103.755,0.010000000000005116,0.9638089730620323,12295.9018,1275236.40343,1541.2245,159974.680291,48111.93030000001,4985942.455591001,31588.442599999995,3281797.4676839993
2026-04-29T00:01:38.011379Z,2026-04-29T00:01:37.394394Z,1777420897394,BRENTOIL,BRENTOIL,159,10973192087,103.75,2879.1231,0,103.76,79.489,0,103.755,0.010000000000005116,0.9638089730620323,12295.7818,1275223.95343,1541.2245,159974.680291,48111.810300000005,4985930.005591001,31588.442599999995,3281797.4676839993
2026-04-29T00:01:39.011323Z,2026-04-29T00:01:38.153415Z,1777420898153,BRENTOIL,BRENTOIL,159,10973192784,103.75,2879.1231,0,103.76,79.489,0,103.755,0.010000000000005116,0.9638089730620323,12403.7641,1286424.311165,1485.1641,154156.731979,47524.53470000001,4925124.238880001,31532.3822,3275979.5193719994
2026-04-29T00:01:40.024865Z,2026-04-29T00:01:39.572956Z,1777420899572,BRENTOIL,BRENTOIL,159,10973193890,103.75,2877.9597,0,103.76,79.489,0,103.755,0.010000000000005116,0.9638089730620323,12859.2661,1333658.751391,1328.7839999999999,137922.913798,47881.22190000001,4962071.335582,31064.8981,3227437.5507909996
2026-04-29T00:01:41.046862Z,2026-04-29T00:01:40.543449Z,1777420900543,BRENTOIL,BRENTOIL,159,10973194597,103.75,2875.5231,0,103.76,79.489,0,103.755,0.010000000000005116,0.9638089730620323,12751.2828,1322455.856514,1485.1641,154156.731979,48468.49220000001,5022875.084035001,31535.980399999993,3276362.633507999
2026-04-29T00:01:42.010701Z,2026-04-29T00:01:40.543449Z,1777420900543,BRENTOIL,BRENTOIL,159,10973194597,103.75,2875.5231,0,103.76,79.489,0,103.755,0.010000000000005116,0.9638089730620323,12751.2828,1322455.856514,1485.1641,154156.731979,48468.49220000001,5022875.084035001,31535.980399999993,3276362.633507999
2026-04-29T00:01:43.006764Z,2026-04-29T00:01:42.347850Z,1777420902347,BRENTOIL,BRENTOIL,159,10973195737,103.75,2871.8031,0,103.76,79.489,0,103.755,0.010000000000005116,0.9638089730620323,12604.909,1307279.2794110002,1485.1641,154156.731979,48263.101800000004,5001619.347878,30493.805,3168059.7676079995
2026-04-29T00:01:44.063402Z,2026-04-29T00:01:42.576228Z,1777420902576,BRENTOIL,BRENTOIL,159,10973195873,103.75,2871.8031,0,103.76,79.489,0,103.755,0.010000000000005116,0.9638089730620323,12604.909,1307279.2794110002,1485.1641,154156.731979,48263.101800000004,5001619.347878,30493.805,3168059.7676079995
2026-04-29T00:01:45.000041Z,2026-04-29T00:01:44.598531Z,1777420904598,BRENTOIL,BRENTOIL,159,10973197640,103.75,2871.8031,0,103.76,79.489,0,103.755,0.010000000000005116,0.9638089730620323,12604.909,1307279.2794110002,1485.1641,154156.731979,48263.101800000004,5001619.347878,16049.363000000003,1667243.725296
2026-04-29T00:01:46.026163Z,2026-04-29T00:01:44.844063Z,1777420904844,BRENTOIL,BRENTOIL,159,10973197897,103.75,2868.2031,0,103.76,79.489,0,103.755,0.010000000000005116,0.9638089730620323,12601.309000000001,1306905.7794110002,1658.8906,172191.279944,48259.501800000005,5001245.847878,30667.531499999997,3186132.8340849993
2026-04-29T00:01:47.036371Z,2026-04-29T00:01:46.276885Z,1777420906276,BRENTOIL,BRENTOIL,159,10973199225,103.75,2864.6031,0,103.76,79.489,0,103.755,0.010000000000005116,0.9638089730620323,12597.708999999999,1306532.2794110002,1658.8906,172191.279944,48255.90180000001,5000872.347878,30667.531499999997,3186132.687637
2026-04-29T00:01:48.003473Z,2026-04-29T00:01:47.545994Z,1777420907545,BRENTOIL,BRENTOIL,159,10973199990,103.7,2.4338,0,103.72,79.489,0,103.71000000000001,0.01999999999999602,1.9284543438430257,1611.7218,167069.084795,1294.8803999999998,134345.495196,26837.288599999996,2778903.0744820004,11902.746799999999,1236334.8696370001
2026-04-29T00:01:49.011574Z,2026-04-29T00:01:48.107396Z,1777420908107,BRENTOIL,BRENTOIL,159,10973200285,103.7,2891.3222,0,103.72,74.489,0,103.71000000000001,0.01999999999999602,1.9284543438430257,13263.4302,1375002.656171,1289.8803999999998,133826.895196,44043.128600000004,4562022.533638,26342.1888,2736093.052781
2026-04-29T00:01:50.012092Z,2026-04-29T00:01:49.025773Z,1777420909025,BRENTOIL,BRENTOIL,159,10973200691,103.7,2891.3222,0,103.72,74.489,0,103.71000000000001,0.01999999999999602,1.9284543438430257,13263.4302,1375003.0602120003,1187.4429,123196.95106899999,47894.98240000001,4961036.4536150005,24036.7941,2496083.079725
2026-04-29T00:01:51.004479Z,2026-04-29T00:01:50.603071Z,1777420910603,BRENTOIL,BRENTOIL,159,10973201779,103.7,2891.2022,0,103.72,74.489,0,103.71000000000001,0.01999999999999602,1.9284543438430257,12884.6647,1335748.370137,1187.4429,123196.95106899999,43432.27710000001,4499212.856918001,26985.382199999996,2802251.114386
2026-04-29T00:01:52.007919Z,2026-04-29T00:01:51.146592Z,1777420911146,BRENTOIL,BRENTOIL,159,10973202293,103.7,2887.6022,0,103.72,74.489,0,103.71000000000001,0.01999999999999602,1.9284543438430257,12881.064699999999,1335375.0501370002,1187.4429,123196.95106899999,43428.6839,4498839.276407001,26985.382199999996,2802250.710345
2026-04-29T00:01:53.007084Z,2026-04-29T00:01:52.457089Z,1777420912457,BRENTOIL,BRENTOIL,159,10973203308,103.7,2886.0573,0,103.71,11.9601,0,103.705,0.009999999999990905,0.9642736608640765,12879.5198,1335214.844007,642.979,66702.7788,43427.136300000006,4498679.190338001,26893.822600000003,2792734.36023
2026-04-29T00:01:54.061321Z,2026-04-29T00:01:53.145445Z,1777420913145,BRENTOIL,BRENTOIL,159,10973203941,103.7,2882.4573,0,103.71,11.0744,0,103.705,0.009999999999990905,0.9642736608640765,12875.9198,1334841.524007,642.0933,66610.922853,43423.54320000001,4498305.620236,26892.936100000003,2792642.4212140003
2026-04-29T00:01:55.014241Z,2026-04-29T00:01:54.608200Z,1777420914608,BRENTOIL,BRENTOIL,159,10973204865,103.7,2878.8573,0,103.71,11.0744,0,103.705,0.009999999999990905,0.9642736608640765,12735.760900000001,1320310.181296,738.2481,76585.060257,43323.77850000001,4487963.066748001,26989.0917,2802616.641687
2026-04-29T00:01:56.011567Z,2026-04-29T00:01:55.526117Z,1777420915526,BRENTOIL,BRENTOIL,159,10973205628,103.7,2872.9622,0,103.71,107.2292,0,103.705,0.009999999999990905,0.9642736608640765,12406.068500000001,1286134.07721,933.0552,96791.82326399998,47390.8615,4908781.241477,26622.1645,2764489.0183180002
2026-04-29T00:01:57.012493Z,2026-04-29T00:01:56.630249Z,1777420916630,BRENTOIL,BRENTOIL,159,10973206440,103.67,2887.5835,0,103.69,96.1548,0,103.68,0.01999999999999602,1.9290123456786283,12845.9044,1331346.4561599998,630.1858,65358.22944499999,36088.94240000001,3737796.5144099994,20447.930099999998,2122586.899608
2026-04-29T00:01:58.006442Z,2026-04-29T00:01:57.428244Z,1777420917428,BRENTOIL,BRENTOIL,159,10973207021,103.67,2887.5835,0,103.68,86.2117,0,103.67500000000001,0.010000000000005116,0.9645526886911131,13315.204,1379960.1063939997,877.7191,91025.30438,45633.41650000001,4725531.294999999,24309.8122,2523701.2712
2026-04-29T00:01:59.009084Z,2026-04-29T00:01:58.580013Z,1777420918580,BRENTOIL,BRENTOIL,159,10973207733,103.69,2888.8884,0,103.73,10.0007,0,103.71000000000001,0.04000000000000625,3.8569086876874215,3988.3468000000003,413515.22498799994,1203.5532,124878.864679,36414.02250000001,3771581.3070499995,9739.922999999999,1011696.2622489999
2026-04-29T00:02:00.002871Z,2026-04-29T00:01:59.288094Z,1777420919288,BRENTOIL,BRENTOIL,159,10973208218,103.7,6.7983,0,103.73,91.8173,0,103.715,0.030000000000001137,2.8925420623826,3848.5815999999995,399038.883166,1867.9791,193830.892956,25226.8318,2612825.999417,36111.282900000006,3750914.272345
2026-04-29T00:02:01.001791Z,2026-04-29T00:02:00.617288Z,1777420920617,BRENTOIL,BRENTOIL,159,10973209363,103.71,2888.8884,0,103.72,10.8311,0,103.715,0.010000000000005116,0.9641806874613233,3616.4363999999996,375035.65771099995,1103.0185000000001,114444.180686,37638.426900000006,3899526.2713879994,24782.846300000005,2573601.10992
2026-04-29T00:02:02.009037Z,2026-04-29T00:02:01.288985Z,1777420921288,BRENTOIL,BRENTOIL,159,10973210092,103.71,2888.8884,0,103.72,5.8011,0,103.715,0.010000000000005116,0.9641806874613233,12508.8031,1296813.381228,1240.9488999999999,128757.44672800001,42553.7238,4408236.295225,32765.6337,3403184.662846
2026-04-29T00:02:03.013876Z,2026-04-29T00:02:02.549476Z,1777420922549,BRENTOIL,BRENTOIL,159,10973211381,103.71,2888.8884,0,103.73,81.8166,0,103.72,0.020000000000010232,1.9282684149643494,12508.8031,1296812.9771869997,1822.0032,189059.610048,43293.0379,4484792.226127,36744.1593,3816674.046685
2026-04-29T00:02:04.049667Z,2026-04-29T00:02:03.625885Z,1777420923625,BRENTOIL,BRENTOIL,159,10973212675,103.69,2899.4045,0,103.71,89.784,0,103.69999999999999,0.01999999999999602,1.9286403085820658,3585.887,371800.3196,841.2339999999999,87262.572724,39427.62670000001,4083803.676309,20358.6549,2114063.9018409997
2026-04-29T00:02:05.014435Z,2026-04-29T00:02:04.502283Z,1777420924502,BRENTOIL,BRENTOIL,159,10973213538,103.7,9.1672,0,103.71,89.784,0,103.705,0.009999999999990905,0.9642736608640765,3446.6547,357372.291225,841.2339999999999,87262.572724,43807.5104,4537521.6040779995,28062.3659,2913979.166798
2026-04-29T00:02:06.014329Z,2026-04-29T00:02:05.297498Z,1777420925297,BRENTOIL,BRENTOIL,159,10973214326,103.7,9.1672,0,103.71,89.784,0,103.705,0.009999999999990905,0.9642736608640765,3446.6547,357372.291225,841.2339999999999,87262.572724,43807.5103,4537522.017050999,27964.964500000002,2903869.7694180002
2026-04-29T00:02:07.013287Z,2026-04-29T00:02:05.297498Z,1777420925297,BRENTOIL,BRENTOIL,159,10973214326,103.7,9.1672,0,103.71,89.784,0,103.705,0.009999999999990905,0.9642736608640765,3446.6547,357372.291225,841.2339999999999,87262.572724,43807.5103,4537522.017050999,27964.964500000002,2903869.7694180002
2026-04-29T00:02:08.000019Z,2026-04-29T00:02:07.391128Z,1777420927391,BRENTOIL,BRENTOIL,159,10973216057,103.7,10.7552,0,103.71,79.514,0,103.705,0.009999999999990905,0.9642736608640765,3582.5065,371454.68347999995,1194.7687,123951.241203,43902.9524,4547416.909085,24779.258400000002,2573139.885778
2026-04-29T00:02:09.002352Z,2026-04-29T00:02:08.360506Z,1777420928360,BRENTOIL,BRENTOIL,159,10973216854,103.7,10.7552,0,103.71,79.514,0,103.705,0.009999999999990905,0.9642736608640765,3542.1023999999998,367266.3944739999,694.4051,72032.392859,43902.9555,4547415.861249999,24798.316100000004,2575098.664636
2026-04-29T00:02:10.013359Z,2026-04-29T00:02:09.444413Z,1777420929444,BRENTOIL,BRENTOIL,159,10973217699,103.7,7.1552,0,103.71,79.514,0,103.705,0.009999999999990905,0.9642736608640765,3540.7975,367131.053393,694.4051,72032.392859,43901.6506,4547280.520168999,24798.316100000004,2575098.664636
2026-04-29T00:02:11.010401Z,2026-04-29T00:02:10.580291Z,1777420930580,BRENTOIL,BRENTOIL,159,10973218607,103.7,5.8503,0,103.71,79.514,0,103.705,0.009999999999990905,0.9642736608640765,12564.7495,1302555.5352689999,1346.3422,139689.25358999998,43202.4075,4475573.663134,33387.3455,3467719.311455
2026-04-29T00:02:12.010033Z,2026-04-29T00:02:11.494714Z,1777420931494,BRENTOIL,BRENTOIL,159,10973219498,103.72,4.3397,0,103.73,79.516,0,103.725,0.010000000000005116,0.9640877319841038,3084.0321999999996,319840.4346379999,1386.7483,143883.78478699998,42841.506100000006,4438295.375134,33387.338200000006,3467720.238369
2026-04-29T00:02:13.008978Z,2026-04-29T00:02:12.305181Z,1777420932305,BRENTOIL,BRENTOIL,159,10973220252,103.72,4.3397,0,103.73,79.516,0,103.725,0.010000000000005116,0.9640877319841038,3479.714,360860.789795,1235.1817999999998,128155.729082,43096.271100000005,4464666.551812,33387.337400000004,3467723.1866150005
2026-04-29T00:02:14.053352Z,2026-04-29T00:02:13.610042Z,1777420933610,BRENTOIL,BRENTOIL,159,10973221273,103.73,8.8033,0,103.74,6.8442,0,103.735,0.009999999999990905,0.9639947944272333,3486.7288999999996,361601.28629399993,1264.425,131203.398614,37232.9898,3857788.217663,33972.27420000001,3528859.781479
2026-04-29T00:02:15.012420Z,2026-04-29T00:02:14.225216Z,1777420934225,BRENTOIL,BRENTOIL,159,10973221670,103.73,8.6833,0,103.74,6.8442,0,103.735,0.009999999999990905,0.9639947944272333,3446.2047999999995,357399.33756499994,1463.1361000000002,151822.687913,37232.87700000001,3857775.1473009996,34170.98530000001,3549479.070778
2026-04-29T00:02:16.005326Z,2026-04-29T00:02:15.495705Z,1777420935495,BRENTOIL,BRENTOIL,159,10973222568,103.74,9.3497,0,103.75,79.516,0,103.745,0.010000000000005116,0.9639018747896395,12486.056700000001,1294805.907451,1505.2628,156234.514063,37258.31720000001,3861152.0921589998,38271.9528,3975800.128626
2026-04-29T00:02:17.002105Z,2026-04-29T00:02:16.508729Z,1777420936508,BRENTOIL,BRENTOIL,159,10973223329,103.72,2897.3652,0,103.73,74.404,0,103.725,0.010000000000005116,0.9640877319841038,12594.267100000001,1305979.091083,769.7550999999999,79865.848193,42862.5028,4440953.700216999,33504.9559,3480069.115871
2026-04-29T00:02:18.012714Z,2026-04-29T00:02:17.512937Z,1777420937512,BRENTOIL,BRENTOIL,159,10973224163,103.74,8.2643,0,103.75,81.7781,0,103.745,0.010000000000005116,0.9639018747896395,3190.4435000000003,330877.22925299994,774.8590999999999,80410.737863,33547.6342,3476049.907843,38359.4164,3984818.748588
2026-04-29T00:02:19.008889Z,2026-04-29T00:02:18.381177Z,1777420938381,BRENTOIL,BRENTOIL,159,10973224705,103.72,9.2072,0,103.73,79.512,0,103.725,0.010000000000005116,0.9640877319841038,12846.9104,1331850.1908240002,842.4280000000001,87402.96470000001,34368.812,3560962.449745,25470.3453,2645315.0222420003
2026-04-29T00:02:20.005986Z,2026-04-29T00:02:19.556595Z,1777420939556,BRENTOIL,BRENTOIL,159,10973226096,103.7,11.6947,0,103.71,79.511,0,103.705,0.009999999999990905,0.9642736608640765,13003.911900000001,1348024.980493,1103.7678,114510.18586299999,44001.31090000001,4557627.354377,20748.731900000002,2154258.4153730003
2026-04-29T00:02:21.002613Z,2026-04-29T00:02:20.496135Z,1777420940496,BRENTOIL,BRENTOIL,159,10973227208,103.7,11.6947,0,103.71,79.511,0,103.705,0.009999999999990905,0.9642736608640765,8407.7555,871638.3985829998,1387.4965000000002,143951.96512,38814.5295,4021171.1993340002,33510.5955,3480237.8342349995
2026-04-29T00:02:22.000973Z,2026-04-29T00:02:21.449277Z,1777420941449,BRENTOIL,BRENTOIL,159,10973228108,103.7,11.6947,0,103.71,79.511,0,103.705,0.009999999999990905,0.9642736608640765,8407.7722,871638.794973,1387.4965000000002,143952.369161,38814.5462,4021171.5957240006,33510.5955,3480238.238276
2026-04-29T00:02:23.012239Z,2026-04-29T00:02:22.361162Z,1777420942361,BRENTOIL,BRENTOIL,159,10973228971,103.71,2.2205,0,103.72,11.8309,0,103.715,0.010000000000005116,0.9641806874613233,8326.960299999999,863262.5022189999,1200.3075999999999,124528.752992,36299.545600000005,3760671.445885,28662.6679,2976441.3275280003
2026-04-29T00:02:24.013638Z,2026-04-29T00:02:22.871135Z,1777420942871,BRENTOIL,BRENTOIL,159,10973229441,103.71,10.8359,0,103.72,11.8309,0,103.715,0.010000000000005116,0.9641806874613233,8335.5757,864156.005353,1200.3075999999999,124528.752992,36308.16100000001,3761564.949019,28662.6679,2976441.3275280003
2026-04-29T00:02:25.011981Z,2026-04-29T00:02:24.491638Z,1777420944491,BRENTOIL,BRENTOIL,159,10973230987,103.72,2.2205,0,103.73,79.512,0,103.725,0.010000000000005116,0.9640877319841038,8565.5043,887999.094177,1331.4370999999999,138136.271362,40904.90000000001,4237395.611037,33453.562099999996,3474459.757169
2026-04-29T00:02:26.007341Z,2026-04-29T00:02:25.554090Z,1777420945554,BRENTOIL,BRENTOIL,159,10973231825,103.71,2891.1089,0,103.72,11.0617,0,103.715,0.010000000000005116,0.9641806874613233,8674.5043,899359.0597399999,1199.5384000000001,124448.994219,41013.904800000004,4248948.171379,28661.898600000004,2976498.443679
2026-04-29T00:02:27.012910Z,2026-04-29T00:02:26.513754Z,1777420946513,BRENTOIL,BRENTOIL,159,10973232607,103.71,2887.5089,0,103.72,10.6349,0,103.715,0.010000000000005116,0.9641806874613233,8670.9043,898986.107781,1199.1116,124404.703872,41010.304800000005,4248575.21942,28661.471800000003,2976454.153332
2026-04-29T00:02:28.009611Z,2026-04-29T00:02:27.425684Z,1777420947425,BRENTOIL,BRENTOIL,159,10973233359,103.71,10.6156,0,103.72,11.8529,0,103.715,0.010000000000005116,0.9641806874613233,4029.1342000000004,417762.65584600007,1200.3296,124531.03483199999,38490.833,3987477.6983630005,28760.0724,2986689.714141
2026-04-29T00:02:29.010834Z,2026-04-29T00:02:28.454348Z,1777420948454,BRENTOIL,BRENTOIL,159,10973234212,103.71,10.4956,0,103.73,79.512,0,103.72,0.020000000000010232,1.9282684149643494,4029.0142000000005,417750.210646,1331.4370999999999,138136.652752,38491.6717,3987565.0431450005,33510.5906,3480376.7060570004
2026-04-29T00:02:30.008254Z,2026-04-29T00:02:29.348637Z,1777420949348,BRENTOIL,BRENTOIL,159,10973234796,103.71,1.8605,0,103.72,10.7443,0,103.715,0.010000000000005116,0.9641806874613233,4020.3791,416854.6644250001,1199.221,124416.05084,38483.0401,3986669.4994610003,28661.5805,2976465.427605
2026-04-29T00:02:31.006333Z,2026-04-29T00:02:30.482431Z,1777420950482,BRENTOIL,BRENTOIL,159,10973235575,103.71,10.1081,0,103.72,11.9861,0,103.715,0.010000000000005116,0.9641806874613233,3439.3568,356621.50173300004,1254.2581,130125.57475799999,38030.0459,3939741.6228620005,28717.5832,2982273.642031
2026-04-29T00:02:32.002841Z,2026-04-29T00:02:31.574873Z,1777420951574,BRENTOIL,BRENTOIL,159,10973236517,103.71,9.9881,0,103.72,11.362,0,103.715,0.010000000000005116,0.9641806874613233,3930.6124,407544.96240899997,1255.8990999999999,130295.82458,42765.5767,4430068.274649001,28814.6778,2992352.968616
2026-04-29T00:02:33.054996Z,2026-04-29T00:02:32.612277Z,1777420952612,BRENTOIL,BRENTOIL,159,10973237477,103.71,12.2086,0,103.73,79.512,0,103.72,0.020000000000010232,1.9282684149643494,3932.8329000000003,407775.250464,1387.4975,143952.358648,42768.7605,4430398.264193001,33566.651000000005,3486190.9213260007
2026-04-29T00:02:34.000509Z,2026-04-29T00:02:33.590202Z,1777420953590,BRENTOIL,BRENTOIL,159,10973238429,103.71,12.0886,0,103.73,79.512,0,103.72,0.020000000000010232,1.9282684149643494,3932.7129000000004,407762.805264,1387.4975,143952.358648,42768.6394,4430385.910023001,33663.066,3496199.700831
2026-04-29T00:02:35.005826Z,2026-04-29T00:02:34.346222Z,1777420954346,BRENTOIL,BRENTOIL,159,10973239106,103.71,2.2205,0,103.72,10.2397,0,103.715,0.010000000000005116,0.9641806874613233,3922.8448,406739.38461300003,1198.7164,124363.71372799999,42757.8126,4429262.699390001,28661.0733,2976411.249061
2026-04-29T00:02:36.004715Z,2026-04-29T00:02:35.568326Z,1777420955568,BRENTOIL,BRENTOIL,159,10973240024,103.7,9.4852,0,103.71,12.0273,0,103.705,0.009999999999990905,0.9642736608640765,4037.6100000000006,418638.348643,1200.5040000000001,124549.003327,42872.5778,4441161.458375,28662.8679,2976596.5456160004
2026-04-29T00:02:37.013340Z,2026-04-29T00:02:36.329230Z,1777420956329,BRENTOIL,BRENTOIL,159,10973240634,103.7,11.7057,0,103.72,11.9551,0,103.71000000000001,0.01999999999999602,1.9284543438430257,4039.8305,418868.614493,1200.4318,124541.635016,42875.7872,4441653.213436,28663.757100000003,2976689.301584
2026-04-29T00:02:38.013005Z,2026-04-29T00:02:37.559854Z,1777420957559,BRENTOIL,BRENTOIL,159,10973241583,103.69,6.3624,0,103.7,11.3199,0,103.695,0.010000000000005116,0.9643666522016603,3689.6454999999996,382457.09365399997,1398.8224,145107.675706,42605.5599,4412829.785901001,14920.654799999997,1549246.6127719998
2026-04-29T00:02:39.015386Z,2026-04-29T00:02:38.327759Z,1777420958327,BRENTOIL,BRENTOIL,159,10973242262,103.69,2.2205,0,103.7,6.3199,0,103.695,0.010000000000005116,0.9643666522016603,3725.9076999999997,386215.10096699995,700.6804999999999,72676.537099,42601.4197,4412400.756592,22889.5065,2376421.577105
2026-04-29T00:02:40.005772Z,2026-04-29T00:02:39.558451Z,1777420959558,BRENTOIL,BRENTOIL,159,10973243152,103.7,12.9708,0,103.71,74.513,0,103.705,0.009999999999990905,0.9642736608640765,3585.4067,371729.871551,1196.6608999999999,124147.849212,38611.968499999995,3999764.2269610004,33945.104999999996,3525331.774157
2026-04-29T00:02:41.007221Z,2026-04-29T00:02:39.899887Z,1777420959899,BRENTOIL,BRENTOIL,159,10973243399,103.7,12.9708,0,103.71,74.513,0,103.705,0.009999999999990905,0.9642736608640765,3823.9527,396459.93537099997,1292.8156999999999,134122.948164,43203.14229999999,4475103.000581,34041.2598,3535306.873109
2026-04-29T00:02:42.000172Z,2026-04-29T00:02:41.059827Z,1777420961059,BRENTOIL,BRENTOIL,159,10973244371,103.7,12.9708,0,103.71,74.513,0,103.705,0.009999999999990905,0.9642736608640765,3997.8467,414485.787411,1292.8156999999999,134122.948164,47322.211,4901861.677998001,34041.2598,3535306.873109
2026-04-29T00:02:43.053217Z,2026-04-29T00:02:42.623300Z,1777420962623,BRENTOIL,BRENTOIL,159,10973245503,103.7,5.9648,0,103.71,74.513,0,103.705,0.009999999999990905,0.9642736608640765,3990.8406999999997,413759.26521100005,1292.8156999999999,134122.948164,47315.204999999994,4901135.155798,34041.2598,3535306.4690679996
2026-04-29T00:02:44.016909Z,2026-04-29T00:02:42.623300Z,1777420962623,BRENTOIL,BRENTOIL,159,10973245503,103.7,5.9648,0,103.71,74.513,0,103.705,0.009999999999990905,0.9642736608640765,3990.8406999999997,413759.26521100005,1292.8156999999999,134122.948164,47315.204999999994,4901135.155798,34041.2598,3535306.4690679996
2026-04-29T00:02:45.012611Z,2026-04-29T00:02:44.513168Z,1777420964513,BRENTOIL,BRENTOIL,159,10973247232,103.7,0.314,0,103.71,74.513,0,103.705,0.009999999999990905,0.9642736608640765,3985.1899,413173.27725100005,1292.8156999999999,134122.948164,47309.5542,4900549.167838001,34041.2598,3535306.4690679996
2026-04-29T00:02:46.006202Z,2026-04-29T00:02:45.462172Z,1777420965462,BRENTOIL,BRENTOIL,159,10973248038,103.7,0.314,0,103.71,74.513,0,103.705,0.009999999999990905,0.9642736608640765,3683.5706,381903.87502400007,1382.5915,143430.637374,47008.2478,4869309.864053001,25592.4401,2657333.890807
2026-04-29T00:02:47.009113Z,2026-04-29T00:02:46.409431Z,1777420966409,BRENTOIL,BRENTOIL,159,10973248780,103.69,76.228,0,103.71,74.513,0,103.69999999999999,0.01999999999999602,1.9286403085820658,8802.4957,912483.456047,1326.5311000000002,137614.931478,47419.2647,4911883.725632,25653.066699999996,2663635.6830289997
2026-04-29T00:02:48.004864Z,2026-04-29T00:02:47.497856Z,1777420967497,BRENTOIL,BRENTOIL,159,10973249423,103.69,72.628,0,103.71,74.513,0,103.69999999999999,0.01999999999999602,1.9286403085820658,8600.1846,891512.8049840002,1326.5311000000002,137614.931478,47216.956,4890913.927887,25654.347999999998,2663649.5341620003
2026-04-29T00:02:49.000527Z,2026-04-29T00:02:48.614329Z,1777420968614,BRENTOIL,BRENTOIL,159,10973250215,103.69,72.628,0,103.71,74.513,0,103.69999999999999,0.01999999999999602,1.9286403085820658,8690.226200000001,900836.9878820002,1326.5311000000002,137614.931478,48464.0833,5019840.982909,25659.394699999997,2664171.739594
2026-04-29T00:02:50.000323Z,2026-04-29T00:02:49.340733Z,1777420969340,BRENTOIL,BRENTOIL,159,10973250883,103.69,72.628,0,103.71,74.513,0,103.69999999999999,0.01999999999999602,1.9286403085820658,8782.985700000001,910449.4027500001,1326.6364,137625.829683,48557.80590000001,5029553.264277,25659.5,2664182.637799
2026-04-29T00:02:51.009242Z,2026-04-29T00:02:50.578879Z,1777420970578,BRENTOIL,BRENTOIL,159,10973252167,103.69,72.508,0,103.71,74.513,0,103.69999999999999,0.01999999999999602,1.9286403085820658,8782.8697,910434.9891700001,1326.6364,137625.829683,48557.689900000005,5029538.850697,25659.5,2664182.637799
2026-04-29T00:02:52.059372Z,2026-04-29T00:02:51.517183Z,1777420971517,BRENTOIL,BRENTOIL,159,10973253072,103.7,5.8987,0,103.72,10.4756,0,103.71000000000001,0.01999999999999602,1.9284543438430257,4758.162200000001,493237.630282,1348.8907,139942.207454,38851.694,4024635.0954659996,34217.5153,3553495.437548
2026-04-29T00:02:53.012561Z,2026-04-29T00:02:52.610616Z,1777420972610,BRENTOIL,BRENTOIL,159,10973254051,103.7,3.3097,0,103.72,10.697,0,103.71000000000001,0.01999999999999602,1.9284543438430257,7747.017900000001,803152.543813,1308.7062,135772.654914,42709.94500000001,4424583.273337,34203.7419,3552082.219378
2026-04-29T00:02:54.000838Z,2026-04-29T00:02:52.610616Z,1777420972610,BRENTOIL,BRENTOIL,159,10973254051,103.7,3.3097,0,103.72,10.697,0,103.71000000000001,0.01999999999999602,1.9284543438430257,7747.017900000001,803152.543813,1308.7062,135772.654914,42709.94500000001,4424583.273337,34203.7419,3552082.219378
2026-04-29T00:02:55.011687Z,2026-04-29T00:02:54.398976Z,1777420974398,BRENTOIL,BRENTOIL,159,10973255383,103.71,2888.8884,0,103.73,79.517,0,103.72,0.020000000000010232,1.9282684149643494,8111.0668,840958.9675949998,1291.2485,133969.87818099998,37193.4885,3853111.9613779997,23860.561,2478006.4344320004
2026-04-29T00:02:56.005563Z,2026-04-29T00:02:55.288015Z,1777420975288,BRENTOIL,BRENTOIL,159,10973255944,103.71,2888.8884,0,103.73,79.517,0,103.72,0.020000000000010232,1.9282684149643494,13195.862500000001,1368100.699194,1291.2485,133969.87818099998,46919.237700000005,4860955.098460001,27712.4122,2878213.7741120006
2026-04-29T00:02:57.006148Z,2026-04-29T00:02:56.082090Z,1777420976082,BRENTOIL,BRENTOIL,159,10973256457,103.71,2888.8884,0,103.73,79.517,0,103.72,0.020000000000010232,1.9282684149643494,13752.4815,1425805.390924,734.6655,76224.39193099999,52132.7858,5400533.025269001,27712.4482,2878234.2076820005
2026-04-29T00:02:58.014065Z,2026-04-29T00:02:57.559328Z,1777420977559,BRENTOIL,BRENTOIL,159,10973257396,103.71,2888.8884,0,103.73,79.517,0,103.72,0.020000000000010232,1.9282684149643494,13752.4815,1425805.390924,775.0696,80417.12538799999,46919.2522,4860839.987225001,29797.561500000003,3094831.3215910005
2026-04-29T00:02:59.014255Z,2026-04-29T00:02:58.167993Z,1777420978167,BRENTOIL,BRENTOIL,159,10973257836,103.71,2885.2884,0,103.73,79.517,0,103.72,0.020000000000010232,1.9282684149643494,13401.1941,1389385.5437289998,775.0696,80417.12538799999,46567.9648,4824420.14003,29797.561500000003,3094831.3215910005
2026-04-29T00:03:00.012592Z,2026-04-29T00:02:59.186677Z,1777420979186,BRENTOIL,BRENTOIL,159,10973258757,103.71,2961.2034,0,103.73,79.517,0,103.72,0.020000000000010232,1.9282684149643494,13401.4578,1389414.405082,775.0696,80417.12538799999,46448.5517,4812050.484903,29737.723100000003,3088613.812639001
2026-04-29T00:03:01.003153Z,2026-04-29T00:03:00.512296Z,1777420980512,BRENTOIL,BRENTOIL,159,10973259852,103.7,2918.8076,0,103.72,34.7105,0,103.71000000000001,0.01999999999999602,1.9284543438430257,13570.874899999999,1406902.177153,666.8198,69182.283568,42426.997599999995,4395571.329477999,25135.469,2610328.778753
2026-04-29T00:03:02.007283Z,2026-04-29T00:03:01.558246Z,1777420981558,BRENTOIL,BRENTOIL,159,10973260822,103.7,29.9192,0,103.73,81.9717,0,103.715,0.030000000000001137,2.8925420623826,4808.088400000001,498517.43937299994,775.0697,80417.08666900001,38037.7892,3940696.444999,30069.0918,3123025.7357510002
2026-04-29T00:03:03.011800Z,2026-04-29T00:03:02.553107Z,1777420982553,BRENTOIL,BRENTOIL,159,10973261761,103.71,2888.8884,0,103.73,79.517,0,103.72,0.020000000000010232,1.9282684149643494,13085.5022,1356790.884305,775.0697,80417.135763,46936.184400000006,4862822.418163001,30082.193700000003,3124395.831128
2026-04-29T00:03:04.011003Z,2026-04-29T00:03:02.553107Z,1777420982553,BRENTOIL,BRENTOIL,159,10973261761,103.71,2888.8884,0,103.73,79.517,0,103.72,0.020000000000010232,1.9282684149643494,13085.5022,1356790.884305,775.0697,80417.135763,46936.184400000006,4862822.418163001,30082.193700000003,3124395.831128
2026-04-29T00:03:05.005621Z,2026-04-29T00:03:04.549517Z,1777420984549,BRENTOIL,BRENTOIL,159,10973263557,103.73,2888.8884,0,103.74,11.2414,0,103.735,0.009999999999990905,0.9639947944272333,12776.7653,1324851.858795,1508.3225,156523.075458,46771.36069999999,4845875.919573001,34491.177899999995,3582775.9413549993
2026-04-29T00:03:06.003758Z,2026-04-29T00:03:05.519093Z,1777420985519,BRENTOIL,BRENTOIL,159,10973264532,103.73,2885.2884,0,103.75,79.513,0,103.74000000000001,0.01999999999999602,1.9278966647383862,3821.4355,396368.81534800003,1251.1663,129843.437001,46823.810399999995,4851524.97437,30158.6228,3132868.0508800005
2026-04-29T00:03:07.013670Z,2026-04-29T00:03:06.365206Z,1777420986365,BRENTOIL,BRENTOIL,159,10973265548,103.73,2885.2884,0,103.74,11.8106,0,103.735,0.009999999999990905,0.9639947944272333,3821.4522,396368.809036,1256.5754,130401.372316,41810.3268,4332394.108402,30332.436400000002,3150885.2616780004
2026-04-29T00:03:08.008311Z,2026-04-29T00:03:07.212727Z,1777420987212,BRENTOIL,BRENTOIL,159,10973266542,103.73,2885.2884,0,103.74,107.9654,0,103.735,0.009999999999990905,0.9639947944272333,3464.2594,359327.569335,1393.1343,144569.584218,42340.6638,4387212.257560001,33539.2273,3483823.4388200003
2026-04-29T00:03:09.006455Z,2026-04-29T00:03:08.471077Z,1777420988471,BRENTOIL,BRENTOIL,159,10973267771,103.72,2888.8884,0,103.74,96.1548,0,103.72999999999999,0.01999999999999602,1.9280825219315554,12505.552099999999,1296699.883328,1381.3237,143344.352574,47357.797099999996,4906568.213757,33528.3938,3482699.053136
2026-04-29T00:03:10.019646Z,2026-04-29T00:03:09.329564Z,1777420989329,BRENTOIL,BRENTOIL,159,10973268464,103.72,2888.8884,0,103.74,11.9307,0,103.72999999999999,0.01999999999999602,1.9280825219315554,12372.1125,1282863.127163,1297.0996,134606.94444,47183.953299999994,4888542.773468001,33444.1696,3473961.634619
2026-04-29T00:03:11.001064Z,2026-04-29T00:03:10.583114Z,1777420990583,BRENTOIL,BRENTOIL,159,10973269721,103.72,2885.2884,0,103.74,10.7926,0,103.72999999999999,0.01999999999999602,1.9280825219315554,12651.356199999998,1311818.888416,1255.5574000000001,130295.740448,47463.194599999995,4917498.40171,33443.0291,3473843.857846
2026-04-29T00:03:12.014528Z,2026-04-29T00:03:11.372537Z,1777420991372,BRENTOIL,BRENTOIL,159,10973270315,103.72,2885.2884,0,103.74,10.7926,0,103.72999999999999,0.01999999999999602,1.9280825219315554,12803.084499999999,1327552.220702,1255.5575,130295.799921,46768.1975,4845637.930136,29417.4008,3055514.528191
2026-04-29T00:03:13.013157Z,2026-04-29T00:03:12.607447Z,1777420992607,BRENTOIL,BRENTOIL,159,10973271502,103.74,2888.8884,0,103.75,79.513,0,103.745,0.010000000000005116,0.9639018747896395,3595.1648999999998,372933.2592549999,1387.7253,144014.035513,45554.6644,4720131.913713,29701.9372,3085672.4826380005
2026-04-29T00:03:14.010080Z,2026-04-29T00:03:13.580162Z,1777420993580,BRENTOIL,BRENTOIL,159,10973272145,103.74,2888.8884,0,103.75,79.513,0,103.745,0.010000000000005116,0.9639018747896395,3679.2182999999995,381649.4402719999,1321.18,137114.35513200003,45969.431300000004,4763085.932031,36549.00080000001,3797094.3006620007
2026-04-29T00:03:15.002198Z,2026-04-29T00:03:13.928746Z,1777420993928,BRENTOIL,BRENTOIL,159,10973272385,103.74,2888.7684,0,103.75,74.403,0,103.745,0.010000000000005116,0.9639018747896395,3812.5044,395474.45959499996,1223.9986999999999,127021.641251,47697.46200000001,4942107.391364999,37510.96280000001,3896953.329814
2026-04-29T00:03:16.000683Z,2026-04-29T00:03:15.623325Z,1777420995623,BRENTOIL,BRENTOIL,159,10973273649,103.74,2888.7684,0,103.75,74.403,0,103.745,0.010000000000005116,0.9639018747896395,3654.1195,379049.939054,1223.9871,127020.41296900001,47497.7024,4921393.28658,38205.8238,3969184.1121429997
2026-04-29T00:03:17.014799Z,2026-04-29T00:03:16.491743Z,1777420996491,BRENTOIL,BRENTOIL,159,10973274316,103.74,2888.7684,0,103.75,74.403,0,103.745,0.010000000000005116,0.9639018747896395,3478.6059,360856.174599,1223.9871,127020.41296900001,42685.842300000004,4423257.371154999,38289.29130000001,3977849.461894
2026-04-29T00:03:18.011524Z,2026-04-29T00:03:16.491743Z,1777420996491,BRENTOIL,BRENTOIL,159,10973274316,103.74,2888.7684,0,103.75,74.403,0,103.745,0.010000000000005116,0.9639018747896395,3478.6059,360856.174599,1223.9871,127020.41296900001,42685.842300000004,4423257.371154999,38289.29130000001,3977849.461894
2026-04-29T00:03:19.001231Z,2026-04-29T00:03:18.620432Z,1777420998620,BRENTOIL,BRENTOIL,159,10973275673,103.74,2888.6484,0,103.75,74.403,0,103.745,0.010000000000005116,0.9639018747896395,3195.6757000000002,331512.389957,1223.9871,127020.388535,42402.9121,4393913.586513,38285.837400000004,3977484.823608
2026-04-29T00:03:20.000566Z,2026-04-29T00:03:19.342885Z,1777420999342,BRENTOIL,BRENTOIL,159,10973276225,103.74,2888.6484,0,103.75,74.2171,0,103.745,0.010000000000005116,0.9639018747896395,3478.4859,360843.72579900007,1223.8012,127001.10141,42686.207299999995,4423462.119995,38285.65150000001,3977465.536483
2026-04-29T00:03:21.046822Z,2026-04-29T00:03:19.342885Z,1777420999342,BRENTOIL,BRENTOIL,159,10973276225,103.74,2888.6484,0,103.75,74.2171,0,103.745,0.010000000000005116,0.9639018747896395,3478.4859,360843.72579900007,1223.8012,127001.10141,42686.207299999995,4423462.119995,38285.65150000001,3977465.536483
2026-04-29T00:03:22.046608Z,2026-04-29T00:03:19.342885Z,1777420999342,BRENTOIL,BRENTOIL,159,10973276225,103.74,2888.6484,0,103.75,74.2171,0,103.745,0.010000000000005116,0.9639018747896395,3478.4859,360843.72579900007,1223.8012,127001.10141,42686.207299999995,4423462.119995,38285.65150000001,3977465.536483
2026-04-29T00:03:23.012162Z,2026-04-29T00:03:21.644348Z,1777421001644,BRENTOIL,BRENTOIL,159,10973277916,103.74,2888.5284,0,103.75,74.2171,0,103.745,0.010000000000005116,0.9639018747896395,3478.3659000000002,360831.27699900005,1223.8012,127001.10141,42686.0873,4423449.6711949995,38285.65150000001,3977465.536483
2026-04-29T00:03:24.006235Z,2026-04-29T00:03:23.343243Z,1777421003343,BRENTOIL,BRENTOIL,159,10973279097,103.74,2888.4084,0,103.75,74.2171,0,103.745,0.010000000000005116,0.9639018747896395,3478.2459,360818.82819900004,1223.8012,127001.10141,42685.967300000004,4423437.222395,38285.65150000001,3977465.536483
2026-04-29T00:03:25.005346Z,2026-04-29T00:03:24.580195Z,1777421004580,BRENTOIL,BRENTOIL,159,10973279876,103.71,109.0,0,103.74,98.5982,0,103.725,0.030000000000001137,2.8922631959509415,10285.3427,1066424.608759,1478.5427,153427.114791,44928.0667,4654880.635375999,23463.122100000004,2436857.138244
2026-04-29T00:03:26.012050Z,2026-04-29T00:03:25.490031Z,1777421005490,BRENTOIL,BRENTOIL,159,10973280609,103.73,2885.2884,0,103.74,98.5982,0,103.735,0.009999999999990905,0.9639947944272333,12382.273000000001,1283986.490264,1478.5427,153427.114791,47455.59410000001,4917136.964389999,27410.402899999997,2847012.437214
2026-04-29T00:03:27.007806Z,2026-04-29T00:03:26.513536Z,1777421006513,BRENTOIL,BRENTOIL,159,10973281314,103.71,2888.8884,0,103.72,96.1548,0,103.715,0.010000000000005116,0.9641806874613233,12891.137699999997,1336675.086742,768.5769,79736.546807,48484.1216,5023364.491168,28086.820700000004,2916957.6174790002
2026-04-29T00:03:28.004458Z,2026-04-29T00:03:27.376840Z,1777421007376,BRENTOIL,BRENTOIL,159,10973281998,103.71,2888.7684,0,103.73,74.502,0,103.72,0.020000000000010232,1.9282684149643494,12890.7178,1336631.541912,1639.0341,170077.836226,48657.554500000006,5041342.607478,19534.2287,2028765.712446
2026-04-29T00:03:29.000327Z,2026-04-29T00:03:28.088343Z,1777421008088,BRENTOIL,BRENTOIL,159,10973282584,103.71,2880.0255,0,103.73,74.502,0,103.72,0.020000000000010232,1.9282684149643494,12990.9749,1347027.025753,1639.0341,170077.836226,48757.81160000001,5051738.091319,31089.782300000003,3229233.6574379997
2026-04-29T00:03:30.007349Z,2026-04-29T00:03:29.305874Z,1777421009305,BRENTOIL,BRENTOIL,159,10973283790,103.71,2876.3055,0,103.73,76.9471,0,103.72,0.020000000000010232,1.9282684149643494,12987.254899999998,1346641.224553,1639.0358,170077.988133,48754.1007,5051352.268425,31089.784000000003,3229233.809345
2026-04-29T00:03:31.010149Z,2026-04-29T00:03:30.479148Z,1777421010479,BRENTOIL,BRENTOIL,159,10973284936,103.73,2888.7684,0,103.77,2.4451,0,103.75,0.03999999999999204,3.855421686746221,7420.044400000001,769506.457773,668.836,69433.98099499999,42228.848999999995,4375591.340152,11234.839100000001,1167438.863432
2026-04-29T00:03:32.015935Z,2026-04-29T00:03:31.550762Z,1777421011550,BRENTOIL,BRENTOIL,159,10973285771,103.76,2888.8884,0,103.77,14.558,0,103.765,0.009999999999990905,0.9637160892392334,12517.8445,1298503.7032309999,1617.2903999999999,167895.172328,42227.744,4377083.853558,28456.024799999996,2956642.072603
2026-04-29T00:03:33.013692Z,2026-04-29T00:03:32.517187Z,1777421012517,BRENTOIL,BRENTOIL,159,10973286826,103.76,2888.8884,0,103.77,14.558,0,103.765,0.009999999999990905,0.9637160892392334,12517.8445,1298503.7032309999,830.2136,86177.01276,42227.7092,4377083.499152,28448.6534,2955857.7711070003
2026-04-29T00:03:34.064481Z,2026-04-29T00:03:33.449135Z,1777421013449,BRENTOIL,BRENTOIL,159,10973287464,103.76,2885.2884,0,103.77,14.558,0,103.765,0.009999999999990905,0.9637160892392334,12514.244499999999,1298130.1672309998,830.2136,86177.01276,42224.120299999995,4376710.149386,28448.6534,2955857.7711070003
2026-04-29T00:03:35.015563Z,2026-04-29T00:03:34.292378Z,1777421014292,BRENTOIL,BRENTOIL,159,10973288232,103.76,2885.2884,0,103.77,12.2178,0,103.765,0.009999999999990905,0.9637160892392334,12006.6961,1245492.3450810001,830.2136,86177.036162,42066.9621,4360442.2026,28448.6534,2955857.794509
2026-04-29T00:03:36.004665Z,2026-04-29T00:03:35.237733Z,1777421015237,BRENTOIL,BRENTOIL,159,10973288953,103.76,2881.6884,0,103.77,91.7188,0,103.765,0.009999999999990905,0.9637160892392334,12111.096099999999,1256322.7290810002,1715.9071,178128.07145499997,42068.804099999994,4360637.260923001,32406.4865,3367216.853962
2026-04-29T00:03:37.020646Z,2026-04-29T00:03:36.491250Z,1777421016491,BRENTOIL,BRENTOIL,159,10973289674,103.76,2877.9684,0,103.77,91.7188,0,103.765,0.009999999999990905,0.9637160892392334,12107.3761,1255936.741881,1715.9071,178128.07145499997,42065.0787,4360251.833409001,32406.4865,3367216.853962
2026-04-29T00:03:38.001794Z,2026-04-29T00:03:36.491250Z,1777421016491,BRENTOIL,BRENTOIL,159,10973289674,103.76,2877.9684,0,103.77,91.7188,0,103.765,0.009999999999990905,0.9637160892392334,12107.3761,1255936.741881,1715.9071,178128.07145499997,42065.0787,4360251.833409001,32406.4865,3367216.853962
2026-04-29T00:03:39.013894Z,2026-04-29T00:03:38.144714Z,1777421018144,BRENTOIL,BRENTOIL,159,10973290873,103.76,2877.9684,0,103.77,91.7188,0,103.765,0.009999999999990905,0.9637160892392334,12107.3761,1255936.741881,1715.9071,178128.07145499997,42065.0787,4360251.833409001,32406.4865,3367216.853962
2026-04-29T00:03:40.013795Z,2026-04-29T00:03:39.581292Z,1777421019581,BRENTOIL,BRENTOIL,159,10973291768,103.76,2874.3684,0,103.77,91.7188,0,103.765,0.009999999999990905,0.9637160892392334,11995.7929,1244359.29061,1555.6856,161493.87532499997,41953.4968,4348675.098871001,32753.8726,3403315.345828
2026-04-29T00:03:41.009062Z,2026-04-29T00:03:40.274305Z,1777421020274,BRENTOIL,BRENTOIL,159,10973292239,103.76,2874.3684,0,103.77,91.7188,0,103.765,0.009999999999990905,0.9637160892392334,11995.7929,1244359.29061,1555.6856,161493.87532499997,46325.9148,4801613.879491,32753.8726,3403315.345828
2026-04-29T00:03:42.013971Z,2026-04-29T00:03:40.934525Z,1777421020934,BRENTOIL,BRENTOIL,159,10973292753,103.76,2874.3684,0,103.77,94.059,0,103.765,0.009999999999990905,0.9637160892392334,12428.7726,1289263.592883,1715.9071,178128.048053,46483.0585,4817884.565846999,32753.8726,3403313.7202109997
2026-04-29T00:03:43.007926Z,2026-04-29T00:03:42.608185Z,1777421022608,BRENTOIL,BRENTOIL,159,10973294144,103.76,2870.6484,0,103.77,94.059,0,103.765,0.009999999999990905,0.9637160892392334,12395.133399999999,1285773.8858069999,1715.9071,178128.048053,46479.34880000001,4817497.283954999,32753.8726,3403313.7202109997
2026-04-29T00:03:44.011062Z,2026-04-29T00:03:43.268477Z,1777421023268,BRENTOIL,BRENTOIL,159,10973294704,103.76,2870.6484,0,103.77,94.059,0,103.765,0.009999999999990905,0.9637160892392334,12491.288199999999,1295748.427252,1752.2278000000001,181904.03407400002,46575.5036,4827471.8253999995,32713.778199999997,3399163.935459
2026-04-29T00:03:45.009096Z,2026-04-29T00:03:44.509935Z,1777421024509,BRENTOIL,BRENTOIL,159,10973295715,103.74,2.2414,0,103.75,89.6688,0,103.745,0.010000000000005116,0.9639018747896395,3371.6486999999997,349729.096746,841.0724,87281.12962900002,38426.3664,3982501.440784,18313.540399999998,1902237.017767
2026-04-29T00:03:46.003274Z,2026-04-29T00:03:45.256915Z,1777421025256,BRENTOIL,BRENTOIL,159,10973296393,103.73,2885.2884,0,103.74,6.5634,0,103.735,0.009999999999990905,0.9639947944272333,12429.7746,1288965.422737,678.8463,70444.85925800001,43013.94820000001,4457690.191015,26774.977,2781179.5967449998
2026-04-29T00:03:47.049162Z,2026-04-29T00:03:45.572659Z,1777421025572,BRENTOIL,BRENTOIL,159,10973296621,103.73,2885.2884,0,103.74,6.5634,0,103.735,0.009999999999990905,0.9639947944272333,12429.7746,1288965.422737,678.8463,70444.85925800001,43110.10300000001,4467659.520679001,27514.2946,2858016.8749129996
2026-04-29T00:03:48.013647Z,2026-04-29T00:03:47.479808Z,1777421027479,BRENTOIL,BRENTOIL,159,10973298081,103.7,2888.8884,0,103.72,96.1548,0,103.71000000000001,0.01999999999999602,1.9284543438430257,3584.7146,371714.970606,1427.5061,148100.07829099998,38892.8838,4029521.514985,11850.942299999999,1230694.3237029999
2026-04-29T00:03:49.008834Z,2026-04-29T00:03:48.298939Z,1777421028298,BRENTOIL,BRENTOIL,159,10973298760,103.7,2888.8884,0,103.71,11.6244,0,103.705,0.009999999999990905,0.9642736608640765,3506.6978,363624.633998,786.5511999999999,81593.967626,48472.7737,5021266.569081999,21642.4034,2247058.1038019997
2026-04-29T00:03:50.050934Z,2026-04-29T00:03:49.253815Z,1777421029253,BRENTOIL,BRENTOIL,159,10973299340,103.7,2885.2884,0,103.71,11.6244,0,103.705,0.009999999999990905,0.9642736608640765,3612.0809999999997,374552.431282,786.5511999999999,81593.967626,48578.1448,5032348.5555529995,21642.4042,2247058.1675859997
2026-04-29T00:03:51.052893Z,2026-04-29T00:03:50.587373Z,1777421030587,BRENTOIL,BRENTOIL,159,10973300297,103.7,2881.6884,0,103.72,12.2174,0,103.71000000000001,0.01999999999999602,1.9284543438430257,12393.5839,1284929.7288720002,1303.2285000000002,135208.77117100003,38960.767700000004,4036800.5258970005,25405.7898,2638142.0086589996
2026-04-29T00:03:52.014110Z,2026-04-29T00:03:51.182078Z,1777421031182,BRENTOIL,BRENTOIL,159,10973300611,103.7,2881.6884,0,103.72,12.2174,0,103.71000000000001,0.01999999999999602,1.9284543438430257,12567.4444,1302955.989553,1207.0737,125233.672219,48149.0097,4988577.067783,25309.635,2628165.8177879998
2026-04-29T00:03:53.005733Z,2026-04-29T00:03:52.566169Z,1777421032566,BRENTOIL,BRENTOIL,159,10973301429,103.7,2878.0884,0,103.71,12.1649,0,103.705,0.009999999999990905,0.9642736608640765,12563.8444,1302582.669553,1207.0212000000001,125228.10527,48145.41390000001,4988203.687758,25405.992299999998,2638170.0763389994
2026-04-29T00:03:54.000754Z,2026-04-29T00:03:53.503959Z,1777421033503,BRENTOIL,BRENTOIL,159,10973302025,103.7,2874.3684,0,103.73,294.8978,0,103.715,0.030000000000001137,2.8925420623826,12532.1287,1299294.311377,1599.3409000000001,165936.004241,48141.69860000001,4987817.706088999,36016.21,3740768.1849959996
2026-04-29T00:03:55.024324Z,2026-04-29T00:03:54.483933Z,1777421034483,BRENTOIL,BRENTOIL,159,10973302706,103.7,2870.6484,0,103.71,10.1578,0,103.705,0.009999999999990905,0.9642736608640765,12412.402300000002,1286871.2718210001,688.9331999999999,71468.05757599999,48546.02850000001,5029258.336774,20890.048799999997,2168889.6903159996
2026-04-29T00:03:56.008030Z,2026-04-29T00:03:54.872258Z,1777421034872,BRENTOIL,BRENTOIL,159,10973302962,103.7,2870.6484,0,103.71,89.6648,0,103.705,0.009999999999990905,0.9642736608640765,12412.402300000002,1286871.2718210001,688.9431999999999,71467.50473599999,48546.02850000001,5029258.336774,20890.0758,2168881.6216559997
2026-04-29T00:03:57.004221Z,2026-04-29T00:03:56.404783Z,1777421036404,BRENTOIL,BRENTOIL,159,10973303953,103.7,2870.6484,0,103.71,89.6648,0,103.705,0.009999999999990905,0.9642736608640765,12561.7896,1302360.27407,688.9431999999999,71467.50473599999,48655.01170000001,5040559.858099,20890.0758,2168881.4750919994
2026-04-29T00:03:58.012043Z,2026-04-29T00:03:57.464395Z,1777421037464,BRENTOIL,BRENTOIL,159,10973304682,103.7,2870.6484,0,103.71,89.6648,0,103.705,0.009999999999990905,0.9642736608640765,12452.806400000001,1291059.1567860001,688.9431999999999,71467.50473599999,48546.0373,5029258.687731,23275.384799999996,2416595.8147419994
2026-04-29T00:03:59.003231Z,2026-04-29T00:03:58.364885Z,1777421038364,BRENTOIL,BRENTOIL,159,10973305266,103.7,2866.9284,0,103.71,89.6648,0,103.705,0.009999999999990905,0.9642736608640765,12449.0864,1290673.392786,688.9431999999999,71467.50473599999,48542.314000000006,5028873.5467799995,23275.384799999996,2416595.8147419994
2026-04-29T00:04:00.000815Z,2026-04-29T00:03:59.060090Z,1777421039060,BRENTOIL,BRENTOIL,159,10973305819,103.7,2863.3284,0,103.71,92.0891,0,103.705,0.009999999999990905,0.9642736608640765,12415.5672,1287197.8488699999,1500.1914,155642.593721,48538.72400000001,5028483.940351999,27310.5092,2835866.6445889995
2026-04-29T00:04:01.012050Z,2026-04-29T00:04:00.443592Z,1777421040443,BRENTOIL,BRENTOIL,159,10973306921,103.68,79.497,0,103.7,11.6435,0,103.69,0.01999999999999602,1.9288263091904736,10593.5925,1097939.203629,690.4289999999999,71621.456377,45577.3885,4720996.345611,23261.1602,2415108.7844759994
2026-04-29T00:04:02.012570Z,2026-04-29T00:04:01.499428Z,1777421041499,BRENTOIL,BRENTOIL,159,10973307772,103.69,6.6867,0,103.71,76.9313,0,103.69999999999999,0.01999999999999602,1.9286403085820658,3805.9658,394583.28231199994,1485.0336,154070.578283,46103.714400000004,4775805.604045999,27198.9187,2824285.355506
2026-04-29T00:04:03.007923Z,2026-04-29T00:04:02.318135Z,1777421042318,BRENTOIL,BRENTOIL,159,10973308468,103.69,6.6867,0,103.7,11.3536,0,103.695,0.010000000000005116,0.9643666522016603,3805.9658,394583.28231199994,685.1390999999999,71072.84374699999,46104.65600000001,4775640.382855999,23255.864899999997,2414560.2508799997
2026-04-29T00:04:04.004615Z,2026-04-29T00:04:03.462034Z,1777421043462,BRENTOIL,BRENTOIL,159,10973309556,103.68,2968.3854,0,103.7,10.7005,0,103.69,0.01999999999999602,1.9288263091904736,13373.4809,1386160.212941,541.5255999999999,56173.00001999999,46097.97070000001,4774947.164626,23103.001500000002,2398677.393457
2026-04-29T00:04:05.033154Z,2026-04-29T00:04:04.571948Z,1777421044571,BRENTOIL,BRENTOIL,159,10973310238,103.68,2888.8884,0,103.69,90.8687,0,103.685,0.009999999999990905,0.9644596614737816,13417.366600000001,1390683.7944260002,848.8444999999999,88040.573312,46357.295,4801454.835721999,18584.625200000002,1929524.6096749997
2026-04-29T00:04:06.012781Z,2026-04-29T00:04:05.451061Z,1777421045451,BRENTOIL,BRENTOIL,159,10973310823,103.68,2888.8884,0,103.69,85.8687,0,103.685,0.009999999999990905,0.9644596614737816,13570.786100000001,1406584.6015660001,899.9049,93337.268604,48444.4297,5017599.9045899995,31328.046500000004,3252689.3146129996
2026-04-29T00:04:07.000089Z,2026-04-29T00:04:06.461131Z,1777421046461,BRENTOIL,BRENTOIL,159,10973311623,103.68,2888.8884,0,103.69,85.8687,0,103.685,0.009999999999990905,0.9644596614737816,13570.786100000001,1406584.6015660001,899.9049,93337.268604,48444.4297,5017599.9045899995,31929.302300000003,3315095.536475
2026-04-29T00:04:08.000200Z,2026-04-29T00:04:07.498865Z,1777421047498,BRENTOIL,BRENTOIL,159,10973312399,103.67,2888.8884,0,103.69,81.9414,0,103.68,0.01999999999999602,1.9290123456786283,12193.0151,1263770.175036,1128.25,117021.631718,47839.236600000004,4954643.744303001,31572.520599999996,3278047.6225739997
2026-04-29T00:04:09.000249Z,2026-04-29T00:04:08.629711Z,1777421048629,BRENTOIL,BRENTOIL,159,10973313464,103.67,2888.8884,0,103.69,79.517,0,103.68,0.01999999999999602,1.9290123456786283,12172.8891,1261684.3163959999,1128.25,117024.828128,47940.457,4965106.858294001,31462.875899999995,3266671.612096
2026-04-29T00:04:10.000923Z,2026-04-29T00:04:09.581063Z,1777421049581,BRENTOIL,BRENTOIL,159,10973314369,103.62,0.1279,0,103.63,11.7727,0,103.625,0.009999999999990905,0.9650180940883865,3760.9705,389624.66190199996,1200.5428000000002,124448.749626,43021.5322,4453132.004967,12308.9317,1277066.126628
2026-04-29T00:04:11.027360Z,2026-04-29T00:04:10.506090Z,1777421050506,BRENTOIL,BRENTOIL,159,10973314987,103.62,2885.4163,0,103.63,6.7727,0,103.625,0.009999999999990905,0.9650180940883865,7737.3354,801506.715624,1195.5428000000002,123930.62372100001,47650.712499999994,4931821.023212999,33459.19760000001,3472000.423963
2026-04-29T00:04:12.002367Z,2026-04-29T00:04:11.240439Z,1777421051240,BRENTOIL,BRENTOIL,159,10973315652,103.62,2881.8163,0,103.63,6.7727,0,103.625,0.009999999999990905,0.9650180940883865,3483.2827999999995,360919.168522,1099.388,113965.140249,42684.505699999994,4418287.123505,33189.09850000001,3443998.6560239997
2026-04-29T00:04:13.008592Z,2026-04-29T00:04:12.392711Z,1777421052392,BRENTOIL,BRENTOIL,159,10973316724,103.63,29.9192,0,103.64,10.0817,0,103.63499999999999,0.010000000000005116,0.9649249770835255,8833.7917,915194.3319560001,1301.6201,134968.243097,36915.1027,3821573.512226,29562.9134,3068155.9232690004
2026-04-29T00:04:14.006206Z,2026-04-29T00:04:13.483893Z,1777421053483,BRENTOIL,BRENTOIL,159,10973317680,103.64,2929.2925,0,103.65,12.0622,0,103.64500000000001,0.010000000000005116,0.9648318780457441,7847.9908000000005,813176.838094,1201.0435,124538.47659,40456.102199999994,4188601.2793580005,29650.867500000004,3077282.4247489995
2026-04-29T00:04:15.005713Z,2026-04-29T00:04:14.510700Z,1777421054510,BRENTOIL,BRENTOIL,159,10973318428,103.64,3058.4185,0,103.66,11.4066,0,103.65,0.01999999999999602,1.929570670525424,8732.901,904863.64341,1099.1911,113978.653146,41665.5522,4313905.915619999,25684.651299999998,2665919.1350419996
2026-04-29T00:04:16.019758Z,2026-04-29T00:04:15.116391Z,1777421055116,BRENTOIL,BRENTOIL,159,10973318901,103.64,3058.4185,0,103.66,11.4066,0,103.65,0.01999999999999602,1.929570670525424,8732.901,904863.64341,1195.3459,123947.98281,41665.56369999999,4313906.141464999,25780.806000000004,2675888.454321
2026-04-29T00:04:17.002263Z,2026-04-29T00:04:16.345214Z,1777421056345,BRENTOIL,BRENTOIL,159,10973319888,103.64,3058.4185,0,103.66,11.4066,0,103.65,0.01999999999999602,1.929570670525424,8829.4276,914863.79917,1195.3459,123947.98281,41665.546299999995,4313906.269704999,25780.806000000004,2675888.454321
2026-04-29T00:04:18.000642Z,2026-04-29T00:04:17.431468Z,1777421057431,BRENTOIL,BRENTOIL,159,10973320757,103.61,50.0452,0,103.62,11.9979,0,103.61500000000001,0.010000000000005116,0.9651112290696439,9792.7011,1014343.420221,651.2778000000001,67506.059542,44997.5413,4657097.834905,12028.479399999998,1247751.3720839997
2026-04-29T00:04:19.010328Z,2026-04-29T00:04:18.428372Z,1777421058428,BRENTOIL,BRENTOIL,159,10973321610,103.61,2938.8136,0,103.62,10.3882,0,103.61500000000001,0.010000000000005116,0.9651112290696439,12777.6243,1323608.428329,745.2195999999999,77245.366625,47982.4664,4966362.680016999,19948.084199999998,2069465.6545629997
2026-04-29T00:04:20.001585Z,2026-04-29T00:04:19.604251Z,1777421059604,BRENTOIL,BRENTOIL,159,10973322640,103.61,2938.5736,0,103.62,11.6723,0,103.61500000000001,0.010000000000005116,0.9651112290696439,12777.3843,1323583.5619289998,746.5037,77378.42506699999,47983.19060000001,4966437.881177999,20044.8906,2079507.1736169998
2026-04-29T00:04:21.004309Z,2026-04-29T00:04:20.516283Z,1777421060516,BRENTOIL,BRENTOIL,159,10973323342,103.63,2888.8884,0,103.64,11.6306,0,103.63499999999999,0.010000000000005116,0.9649249770835255,8690.4014,900364.9285269999,650.3398,67425.006533,38396.5334,3975000.3529899996,23799.452600000004,2469887.712294
2026-04-29T00:04:22.010214Z,2026-04-29T00:04:21.554154Z,1777421061554,BRENTOIL,BRENTOIL,159,10973324171,103.63,2888.8884,0,103.64,11.6306,0,103.63499999999999,0.010000000000005116,0.9649249770835255,8593.865,890365.126892,650.3398,67424.044985,46590.7811,4822784.904574999,23703.034200000002,2459876.515724
2026-04-29T00:04:23.007411Z,2026-04-29T00:04:22.496398Z,1777421062496,BRENTOIL,BRENTOIL,159,10973324934,103.61,2949.0585,0,103.62,9.943,0,103.61500000000001,0.010000000000005116,0.9651112290696439,12873.9499,1333488.7747789999,506.158,52468.568333,43170.3488,4468638.3798779985,15837.361800000002,1642906.754226
2026-04-29T00:04:24.005548Z,2026-04-29T00:04:23.330557Z,1777421063330,BRENTOIL,BRENTOIL,159,10973325592,103.61,2908.6543,0,103.62,9.943,0,103.61500000000001,0.010000000000005116,0.9651112290696439,12777.3922,1323487.8897449998,506.158,52468.568333,47985.1719,4966585.605975999,19592.7248,2032717.8539949998
2026-04-29T00:04:25.014424Z,2026-04-29T00:04:24.553060Z,1777421064553,BRENTOIL,BRENTOIL,159,10973326697,103.61,2948.9384,0,103.64,79.552,0,103.625,0.030000000000001137,2.8950542822679024,12808.7995,1326741.881957,632.3087,65549.49505200001,46005.9754,4761738.062190999,23556.655100000004,2444326.1256009997
2026-04-29T00:04:26.012255Z,2026-04-29T00:04:25.061357Z,1777421065061,BRENTOIL,BRENTOIL,159,10973327124,103.61,2978.7376,0,103.62,10.9257,0,103.61500000000001,0.010000000000005116,0.9651112290696439,12982.690900000001,1344755.588875,404.5844,41938.384086000005,47745.9695,4941843.398556998,19586.6575,2032098.1207629996
2026-04-29T00:04:27.006651Z,2026-04-29T00:04:26.447931Z,1777421066447,BRENTOIL,BRENTOIL,159,10973328066,103.61,2975.1376,0,103.62,11.9066,0,103.61500000000001,0.010000000000005116,0.9651112290696439,12979.0909,1344382.5928749999,405.56530000000004,42040.024944000004,47742.3695,4941470.402556999,19588.6035,2032299.9583029998
2026-04-29T00:04:28.006121Z,2026-04-29T00:04:27.436974Z,1777421067436,BRENTOIL,BRENTOIL,159,10973328733,103.61,2975.1376,0,103.62,6.9066,0,103.61500000000001,0.010000000000005116,0.9651112290696439,12979.0909,1344382.5928749999,400.56530000000004,41521.924944,47742.3695,4941470.6078349985,19583.6035,2031781.8583029998
2026-04-29T00:04:29.010130Z,2026-04-29T00:04:28.446677Z,1777421068446,BRENTOIL,BRENTOIL,159,10973329501,103.61,2975.0176,0,103.63,10.722,0,103.62,0.01999999999999602,1.9301293186639665,12978.9709,1344370.159675,404.38070000000005,41917.383912000005,47742.245800000004,4941458.171407999,19587.418700000002,2032175.7357289998
2026-04-29T00:04:30.037601Z,2026-04-29T00:04:29.491495Z,1777421069491,BRENTOIL,BRENTOIL,159,10973330277,103.63,149.4041,0,103.65,12.0064,0,103.64,0.020000000000010232,1.9297568506378069,9700.8795,1005018.1964599999,554.5688,57495.549394,39064.1229,4043984.8205049997,19620.1794,2035936.80531
2026-04-29T00:04:31.019120Z,2026-04-29T00:04:30.576808Z,1777421070576,BRENTOIL,BRENTOIL,159,10973331030,103.65,2888.8884,0,103.66,11.9987,0,103.655,0.009999999999990905,0.9647387969698428,4488.7193,465201.206495,650.7678999999999,67491.119234,41529.9302,4300068.0908389995,24389.8306,2532087.4470430003
2026-04-29T00:04:32.014201Z,2026-04-29T00:04:31.513807Z,1777421071513,BRENTOIL,BRENTOIL,159,10973331792,103.65,2888.8884,0,103.66,6.9587,0,103.655,0.009999999999990905,0.9647387969698428,4795.2993,496968.1039460001,407.0439,42210.777134,41703.8694,4318100.547403,28063.829200000004,2913164.753611
2026-04-29T00:04:33.011460Z,2026-04-29T00:04:31.589365Z,1777421071589,BRENTOIL,BRENTOIL,159,10973331895,103.65,2888.8884,0,103.66,6.9587,0,103.655,0.009999999999990905,0.9647387969698428,4795.2993,496968.1039460001,407.0439,42210.777134,41703.8694,4318100.547403,28063.829200000004,2913164.34957
2026-04-29T00:04:34.009595Z,2026-04-29T00:04:33.500524Z,1777421073500,BRENTOIL,BRENTOIL,159,10973333579,103.65,2888.8884,0,103.66,1.9587,0,103.655,0.009999999999990905,0.9647387969698428,4795.2993,496968.1039460001,402.0439,41692.477134,41703.8694,4318100.547403,28042.9788,2911000.148974
2026-04-29T00:04:35.009192Z,2026-04-29T00:04:34.468551Z,1777421074468,BRENTOIL,BRENTOIL,159,10973334262,103.65,2885.2884,0,103.66,36.6893,0,103.655,0.009999999999990905,0.9647387969698428,4592.9882,476003.711682,812.0229999999999,84209.554423,41501.5607,4297136.19857,37191.1623,3861150.512387
2026-04-29T00:04:36.007477Z,2026-04-29T00:04:35.470783Z,1777421075470,BRENTOIL,BRENTOIL,159,10973335099,103.61,2988.2133,0,103.65,170.7138,0,103.63,0.04000000000000625,3.8598861333596695,8742.246200000001,905575.736957,1577.0107,163507.12859,43618.820400000004,4514752.356776,27438.8946,2847767.6637619995
2026-04-29T00:04:37.003204Z,2026-04-29T00:04:36.209499Z,1777421076209,BRENTOIL,BRENTOIL,159,10973335759,103.61,3014.5326,0,103.64,10.6995,0,103.625,0.030000000000001137,2.8950542822679024,8768.5655,908302.6796299999,1389.6057999999998,144072.037886,47496.98240000001,4916068.857067,27111.5422,2813603.972516
2026-04-29T00:04:38.014445Z,2026-04-29T00:04:37.532763Z,1777421077532,BRENTOIL,BRENTOIL,159,10973337016,103.61,3014.5326,0,103.64,10.6995,0,103.625,0.030000000000001137,2.8950542822679024,8768.5655,908300.798817,1643.7707,170428.913245,47845.00810000001,4952093.8364470005,37063.5678,3846852.6929780003
2026-04-29T00:04:39.013443Z,2026-04-29T00:04:38.486856Z,1777421078486,BRENTOIL,BRENTOIL,159,10973337987,103.61,3014.5326,0,103.64,10.6995,0,103.625,0.030000000000001137,2.8950542822679024,8768.5655,908302.275589,1563.5502000000001,162104.752519,47845.00050000001,4952095.491846999,33143.7689,3439451.6101470003
2026-04-29T00:04:40.004536Z,2026-04-29T00:04:38.486856Z,1777421078486,BRENTOIL,BRENTOIL,159,10973337987,103.61,3014.5326,0,103.64,10.6995,0,103.625,0.030000000000001137,2.8950542822679024,8768.5655,908302.275589,1563.5502000000001,162104.752519,47845.00050000001,4952095.491846999,33143.7689,3439451.6101470003
2026-04-29T00:04:41.012647Z,2026-04-29T00:04:40.558975Z,1777421080558,BRENTOIL,BRENTOIL,159,10973339857,103.61,3014.5326,0,103.64,10.9369,0,103.625,0.030000000000001137,2.8950542822679024,8854.1215,917165.6572809999,1563.7876,162129.381422,47834.00630000001,4950959.073148,33883.325300000004,3516235.3529870003
2026-04-29T00:04:42.002864Z,2026-04-29T00:04:41.449979Z,1777421081449,BRENTOIL,BRENTOIL,159,10973340762,103.61,3014.5326,0,103.64,10.9369,0,103.625,0.030000000000001137,2.8950542822679024,8854.1215,917166.061322,1416.5724,146868.283526,47833.9957,4950959.441132,33736.108700000004,3500974.254586
2026-04-29T00:04:43.003143Z,2026-04-29T00:04:42.503602Z,1777421082503,BRENTOIL,BRENTOIL,159,10973341651,103.61,3014.5326,0,103.62,10.3404,0,103.61500000000001,0.010000000000005116,0.9651112290696439,8624.0497,893328.477763,1215.7152999999998,126032.95608599999,47429.9233,4909101.274433999,33983.8839,3526653.4780940004
2026-04-29T00:04:44.011880Z,2026-04-29T00:04:43.469415Z,1777421083469,BRENTOIL,BRENTOIL,159,10973342434,103.61,3014.5326,0,103.62,5.3404,0,103.61500000000001,0.010000000000005116,0.9651112290696439,8527.493699999999,883325.219299,1449.4072999999999,150257.64403799997,47429.9315,4909098.4098,34075.4166,3536135.458539
2026-04-29T00:04:45.010006Z,2026-04-29T00:04:44.527789Z,1777421084527,BRENTOIL,BRENTOIL,159,10973343279,103.61,3014.5326,0,103.62,5.3404,0,103.61500000000001,0.010000000000005116,0.9651112290696439,8527.493699999999,883325.219299,1449.4072999999999,150257.64403799997,47429.943,4909098.634982999,34090.094,3537659.559755
2026-04-29T00:04:46.007590Z,2026-04-29T00:04:45.419581Z,1777421085419,BRENTOIL,BRENTOIL,159,10973343985,103.61,3014.5326,0,103.62,10.446,0,103.61500000000001,0.010000000000005116,0.9651112290696439,8527.493699999999,883325.6233399999,1398.4524999999999,144974.34403799998,45689.8285,4729000.668506,33942.6185,3522364.167544
2026-04-29T00:04:47.003794Z,2026-04-29T00:04:46.465888Z,1777421086465,BRENTOIL,BRENTOIL,159,10973344753,103.61,3010.8126,0,103.62,11.9349,0,103.61500000000001,0.010000000000005116,0.9651112290696439,8697.8019,900965.631055,1399.9414000000002,145128.623856,47791.730599999995,4946539.558169,34096.7094,3538328.6436930005
2026-04-29T00:04:48.063262Z,2026-04-29T00:04:47.478867Z,1777421087478,BRENTOIL,BRENTOIL,159,10973345355,103.61,3007.2126,0,103.62,11.9349,0,103.61500000000001,0.010000000000005116,0.9651112290696439,8694.2019,900592.635055,1399.9414000000002,145128.623856,47788.12759999999,4946167.217188,34096.7094,3538328.6436930005
2026-04-29T00:04:49.012890Z,2026-04-29T00:04:48.461892Z,1777421088461,BRENTOIL,BRENTOIL,159,10973346200,103.61,3003.4926,0,103.63,10.7522,0,103.62,0.01999999999999602,1.9301293186639665,8690.481899999999,900207.2058549998,1398.7586999999999,145006.180004,47784.4022,4945781.949144999,34095.5259,3538206.1168380007
2026-04-29T00:04:50.012172Z,2026-04-29T00:04:49.495741Z,1777421089495,BRENTOIL,BRENTOIL,159,10973346997,103.61,2999.7726,0,103.62,11.6187,0,103.61500000000001,0.010000000000005116,0.9651112290696439,8686.7619,899821.7766549999,1573.5863,163132.14606,47780.6876,4945396.3587879995,34096.41,3538141.8073820006
2026-04-29T00:04:51.009655Z,2026-04-29T00:04:50.552847Z,1777421090552,BRENTOIL,BRENTOIL,159,10973347972,103.61,2999.7726,0,103.63,10.2626,0,103.62,0.01999999999999602,1.9301293186639665,8686.7619,899821.7766549999,1572.2302,162991.729604,47780.6826,4945396.356139,30802.6871,3196122.186611
2026-04-29T00:04:52.004918Z,2026-04-29T00:04:51.347613Z,1777421091347,BRENTOIL,BRENTOIL,159,10973348935,103.6,2900.3868,0,103.62,79.567,0,103.61,0.020000000000010232,1.930315606602667,8221.251400000001,851526.045837,746.8701,77412.822438,48556.1676,5025156.063384,24533.634800000003,2545130.7717549996
2026-04-29T00:04:53.013616Z,2026-04-29T00:04:52.505553Z,1777421092505,BRENTOIL,BRENTOIL,159,10973350047,103.6,2900.3868,0,103.62,79.567,0,103.61,0.020000000000010232,1.930315606602667,7576.5822,784752.1689249999,746.8701,77412.822438,48556.216400000005,5025138.266581,24533.634800000003,2545130.7717549996
2026-04-29T00:04:54.006213Z,2026-04-29T00:04:53.330303Z,1777421093330,BRENTOIL,BRENTOIL,159,10973351020,103.6,2896.6668,0,103.62,79.567,0,103.61,0.020000000000010232,1.930315606602667,7572.8454,784366.777567,746.8911,77411.41865800001,47682.2304,4934724.506833,33278.8251,3452992.198871
2026-04-29T00:04:55.005086Z,2026-04-29T00:04:54.448921Z,1777421094448,BRENTOIL,BRENTOIL,159,10973352224,103.6,2892.9468,0,103.62,79.567,0,103.61,0.020000000000010232,1.930315606602667,7678.125400000001,795271.6055670001,746.8911,77411.41865800001,47787.510200000004,4945629.314123,33278.8251,3452992.198871
2026-04-29T00:04:56.015150Z,2026-04-29T00:04:55.420950Z,1777421095420,BRENTOIL,BRENTOIL,159,10973353096,103.6,2889.2268,0,103.62,79.567,0,103.61,0.020000000000010232,1.930315606602667,7565.422199999999,783595.9929249999,1886.0203000000001,195516.93053900002,48545.11970000001,5023987.189990001,36907.184,3829737.6415180005
2026-04-29T00:04:57.005733Z,2026-04-29T00:04:56.465548Z,1777421096465,BRENTOIL,BRENTOIL,159,10973353864,103.6,2885.6268,0,103.62,79.567,0,103.61,0.020000000000010232,1.930315606602667,7561.8222,783223.032925,1886.0203000000001,195516.93053900002,48541.5162,5023614.228221,36907.1874,3829737.9324700003
2026-04-29T00:04:58.001305Z,2026-04-29T00:04:57.577504Z,1777421097577,BRENTOIL,BRENTOIL,159,10973354649,103.61,11.5803,0,103.62,79.567,0,103.61500000000001,0.010000000000005116,0.9651112290696439,3598.5835,372794.122167,1704.9531,176743.908124,43730.37000000001,4526147.074315,36907.1801,3829740.4616210004
2026-04-29T00:04:59.038162Z,2026-04-29T00:04:58.285764Z,1777421098285,BRENTOIL,BRENTOIL,159,10973355272,103.61,11.4603,0,103.62,79.567,0,103.61500000000001,0.010000000000005116,0.9651112290696439,3707.4467000000004,384072.99927299994,1664.549,172554.81103600003,43142.951400000005,4465413.002011,36907.1793,3829741.3507830007
2026-04-29T00:05:00.018899Z,2026-04-29T00:04:58.981987Z,1777421098981,BRENTOIL,BRENTOIL,159,10973355901,103.61,7.8603,0,103.62,79.567,0,103.61500000000001,0.010000000000005116,0.9651112290696439,3703.8497,383701.90538300003,1664.549,172554.81103600003,43139.354400000004,4465041.908121,36907.1793,3829741.3507830007
2026-04-29T00:05:01.027855Z,2026-04-29T00:05:00.583513Z,1777421100583,BRENTOIL,BRENTOIL,159,10973357301,103.62,2888.8884,0,103.65,79.571,0,103.635,0.030000000000001137,2.894774931249205,3653.4885999999997,378550.061337,1224.2898,126939.258417,47550.0391,4921307.115378,23070.133499999996,2394399.8351249993
2026-04-29T00:05:02.009028Z,2026-04-29T00:05:01.520409Z,1777421101520,BRENTOIL,BRENTOIL,159,10973358369,103.63,39.7779,0,103.65,79.571,0,103.64,0.020000000000010232,1.9297568506378069,4297.8883,445315.24066899996,1195.7421,123967.418833,39563.9075,4095203.41053,36480.7259,3786052.213282
2026-04-29T00:05:03.000441Z,2026-04-29T00:05:02.476763Z,1777421102476,BRENTOIL,BRENTOIL,159,10973359193,103.64,0.0996,0,103.65,210.4597,0,103.64500000000001,0.010000000000005116,0.9648318780457441,3420.099,354382.24894900003,1382.6912000000002,143346.93546399998,46759.715599999996,4840391.529247001,37014.570799999994,3841426.858536
2026-04-29T00:05:04.011438Z,2026-04-29T00:05:03.149625Z,1777421103149,BRENTOIL,BRENTOIL,159,10973359830,103.64,0.0996,0,103.65,208.4597,0,103.64500000000001,0.010000000000005116,0.9648318780457441,3420.099,354382.24894900003,1380.6912000000002,143139.635464,46759.715599999996,4840391.529247001,37109.09619999999,3851234.0687860004
2026-04-29T00:05:05.010401Z,2026-04-29T00:05:04.475433Z,1777421104475,BRENTOIL,BRENTOIL,159,10973360856,103.64,0.0996,0,103.65,208.2979,0,103.64500000000001,0.010000000000005116,0.9648318780457441,7831.8867,811398.4582829999,1489.937,154465.150786,47047.259300000005,4870129.192380999,37218.34199999999,3862559.1800670004
2026-04-29T00:05:06.006926Z,2026-04-29T00:05:05.366073Z,1777421105366,BRENTOIL,BRENTOIL,159,10973361534,103.63,10.4088,0,103.64,11.7774,0,103.63499999999999,0.010000000000005116,0.9649249770835255,7947.695500000001,823397.9822760001,1308.3638,135638.626164,46863.663,4851161.092606001,29950.048199999997,3107832.3136730003
2026-04-29T00:05:07.000568Z,2026-04-29T00:05:06.554262Z,1777421106554,BRENTOIL,BRENTOIL,159,10973362512,103.62,10.4192,0,103.64,449.3775,0,103.63,0.01999999999999602,1.929943066679149,3327.2434000000003,344696.38167599996,1654.5934,171528.693895,42787.0307,4428704.547185,37467.2247,3888408.003203
2026-04-29T00:05:08.057322Z,2026-04-29T00:05:07.601545Z,1777421107601,BRENTOIL,BRENTOIL,159,10973363342,103.62,10.9795,0,103.64,198.92,0,103.63,0.01999999999999602,1.929943066679149,3423.9585,354714.154146,1298.7646,134638.167408,42883.7417,4438722.23549,30324.971900000004,3146763.15633
2026-04-29T00:05:09.022064Z,2026-04-29T00:05:08.512883Z,1777421108512,BRENTOIL,BRENTOIL,159,10973364003,103.62,10.7062,0,103.64,47.0731,0,103.63,0.01999999999999602,1.929943066679149,987.6065,102303.321405,1266.3027,131276.228856,22826.653400000003,2362281.180832,25533.571900000003,2649631.7824
2026-04-29T00:05:10.002048Z,2026-04-29T00:05:09.530265Z,1777421109530,BRENTOIL,BRENTOIL,159,10973364692,103.62,2889.3272,0,103.64,47.0731,0,103.63,0.01999999999999602,1.929943066679149,12436.347600000001,1288279.069383,1266.3019,131276.120532,47853.42580000001,4953195.112259001,33237.273499999996,3449121.909148
2026-04-29T00:05:11.001535Z,2026-04-29T00:05:10.547207Z,1777421110547,BRENTOIL,BRENTOIL,159,10973365320,103.62,2889.3272,0,103.64,47.0731,0,103.63,0.01999999999999602,1.929943066679149,12545.347600000001,1299571.4693830002,1266.3019,131276.120532,48318.955,5001356.177584001,33237.274300000005,3449121.992159
2026-04-29T00:05:12.012390Z,2026-04-29T00:05:11.576191Z,1777421111576,BRENTOIL,BRENTOIL,159,10973366409,103.62,0.5919,0,103.63,91.1548,0,103.625,0.009999999999990905,0.9650180940883865,11985.4645,1241515.78451,909.8836,94314.833101,48151.136,4983820.056108,28052.1981,2910502.0268260003
2026-04-29T00:05:13.005042Z,2026-04-29T00:05:12.305731Z,1777421112305,BRENTOIL,BRENTOIL,159,10973367050,103.61,80.1596,0,103.62,10.7403,0,103.61500000000001,0.010000000000005116,0.9651112290696439,12686.065400000001,1314080.490033,715.0615,74117.06421,48122.4359,4980844.632776001,27652.852100000004,2869012.355669
2026-04-29T00:05:14.002430Z,2026-04-29T00:05:13.214058Z,1777421113214,BRENTOIL,BRENTOIL,159,10973367899,103.61,80.1596,0,103.62,10.7403,0,103.61500000000001,0.010000000000005116,0.9651112290696439,12686.065400000001,1314080.490033,715.0615,74117.06421,47923.71799999999,4960299.948387001,27749.3542,2879022.518502
2026-04-29T00:05:15.012732Z,2026-04-29T00:05:14.019827Z,1777421114019,BRENTOIL,BRENTOIL,159,10973368800,103.61,80.1596,0,103.62,10.7403,0,103.61500000000001,0.010000000000005116,0.9651112290696439,12686.065400000001,1314080.8940740002,715.0615,74117.06421,48122.4356,4980844.800474,27749.3542,2879022.518502
2026-04-29T00:05:16.006823Z,2026-04-29T00:05:15.479893Z,1777421115479,BRENTOIL,BRENTOIL,159,10973370103,103.61,80.1596,0,103.62,10.7403,0,103.61500000000001,0.010000000000005116,0.9651112290696439,958.4836,99280.213462,715.0615,74117.06421,18514.766200000002,1916053.102822,27749.3542,2879021.022542
2026-04-29T00:05:17.001766Z,2026-04-29T00:05:16.565482Z,1777421116565,BRENTOIL,BRENTOIL,159,10973371127,103.61,80.1596,0,103.62,10.7403,0,103.61500000000001,0.010000000000005116,0.9651112290696439,3834.5268,397236.49433799996,720.0615,74635.21421,43789.131,4532245.897416,27754.354,2879539.4207229996
2026-04-29T00:05:18.019859Z,2026-04-29T00:05:17.339196Z,1777421117339,BRENTOIL,BRENTOIL,159,10973371769,103.61,0.5916,0,103.62,10.7403,0,103.61500000000001,0.010000000000005116,0.9651112290696439,3834.5298000000003,397234.809707,720.0615,74635.21421,43789.134,4532244.212785,27754.354,2879539.555838
2026-04-29T00:05:19.011524Z,2026-04-29T00:05:17.636584Z,1777421117636,BRENTOIL,BRENTOIL,159,10973372035,103.61,0.5916,0,103.62,10.7403,0,103.61500000000001,0.010000000000005116,0.9651112290696439,3834.5298000000003,397235.213748,720.0615,74635.21421,43789.134,4532244.616826001,27754.354,2879539.555838
2026-04-29T00:05:20.003764Z,2026-04-29T00:05:19.307279Z,1777421119307,BRENTOIL,BRENTOIL,159,10973373394,103.61,0.5916,0,103.62,10.7403,0,103.61500000000001,0.010000000000005116,0.9651112290696439,3834.5298000000003,397235.213748,720.0615,74635.21421,43789.134,4532244.616826001,27754.354,2879539.555838
2026-04-29T00:05:21.000576Z,2026-04-29T00:05:20.558403Z,1777421120558,BRENTOIL,BRENTOIL,159,10973374015,103.61,0.5916,0,103.62,10.7403,0,103.61500000000001,0.010000000000005116,0.9651112290696439,4008.5748000000003,415261.054398,720.0615,74635.21421,48603.9312,5030144.533208,27754.352900000005,2879539.3798470004
2026-04-29T00:05:22.008722Z,2026-04-29T00:05:21.494682Z,1777421121494,BRENTOIL,BRENTOIL,159,10973374662,103.62,2889.3752,0,103.63,11.4822,0,103.625,0.009999999999990905,0.9650180940883865,8553.6812,886111.407953,720.9085,74729.183258,43297.27990000001,4481734.947101,19377.388600000002,2010483.462346
