captured_at_utc,exchange_time,exchange_time_ms,asset,coin,best_bid_px,best_bid_sz,best_bid_orders,best_ask_px,best_ask_sz,best_ask_orders,mid_px,spread_px,spread_bps,bid_depth_5_sz,bid_depth_5_notional,ask_depth_5_sz,ask_depth_5_notional,bid_depth_20_sz,bid_depth_20_notional,ask_depth_20_sz,ask_depth_20_notional
2026-04-29T00:00:00.650195Z,2026-04-28T23:59:59.536000Z,1777420799536,GOLD,xyz:GOLD,4595.8,41.7576,12,4595.9,17.129,6,4595.85,0.0999999999994543,0.21758760620876288,55.568999999999996,255381.00152999998,35.1362,161485.10612,181.2078,832551.2209099999,242.91920000000002,1116727.4987799998
2026-04-29T00:00:01.313762Z,2026-04-28T23:59:59.536000Z,1777420799536,GOLD,xyz:GOLD,4595.8,41.7576,12,4595.9,17.129,6,4595.85,0.0999999999994543,0.21758760620876288,55.568999999999996,255381.00152999998,35.1362,161485.10612,181.2078,832551.2209099999,242.91920000000002,1116727.4987799998
2026-04-29T00:00:02.000955Z,2026-04-29T00:00:00.675000Z,1777420800675,GOLD,xyz:GOLD,4595.8,3.4258,6,4595.9,17.129,6,4595.85,0.0999999999994543,0.21758760620876288,11.480500000000001,52759.71136,24.094000000000005,110734.89394000001,100.4732,461557.96812999994,181.32610000000003,833543.4842199999
2026-04-29T00:00:03.098598Z,2026-04-29T00:00:02.829000Z,1777420802829,GOLD,xyz:GOLD,4595.9,4.3512,3,4596.0,0.2136,2,4595.95,0.1000000000003638,0.21758287187711747,59.3844,272915.1405,14.125499999999999,64927.968259999994,176.07870000000003,809016.29559,158.6708,729531.28049
2026-04-29T00:00:04.023126Z,2026-04-29T00:00:03.844000Z,1777420803844,GOLD,xyz:GOLD,4595.9,11.0569,10,4596.0,0.2136,2,4595.95,0.1000000000003638,0.21758287187711747,60.8401,279606.45256,26.921,123738.40457999999,206.9521,950853.23772,150.9259,693864.40421
2026-04-29T00:00:05.000827Z,2026-04-29T00:00:04.385000Z,1777420804385,GOLD,xyz:GOLD,4595.9,11.0569,10,4596.0,0.2136,2,4595.95,0.1000000000003638,0.21758287187711747,59.100500000000004,271611.0328,26.8425,123377.61916999999,199.41150000000005,916204.8470999999,155.6592,715631.9344799999
2026-04-29T00:00:06.001762Z,2026-04-29T00:00:05.420000Z,1777420805420,GOLD,xyz:GOLD,4595.9,16.4965,11,4596.0,0.2136,2,4595.95,0.1000000000003638,0.21758287187711747,64.5401,296611.05154,26.8425,123377.61916999999,195.4148,897865.5935599997,159.1157,731526.3597
2026-04-29T00:00:07.000619Z,2026-04-29T00:00:06.534000Z,1777420806534,GOLD,xyz:GOLD,4595.9,11.0569,10,4596.0,0.2136,2,4595.95,0.1000000000003638,0.21758287187711747,59.5577,273712.34794,26.8425,123377.61916999999,187.12750000000003,859782.8435099999,159.1157,731526.3597
2026-04-29T00:00:08.175974Z,2026-04-29T00:00:07.600000Z,1777420807600,GOLD,xyz:GOLD,4595.9,15.0461,10,4596.0,0.2136,2,4595.95,0.1000000000003638,0.21758287187711747,63.560500000000005,292108.81373999995,15.4309,70928.50043999999,191.13030000000003,878179.3093099998,189.14200000000002,869626.16897
2026-04-29T00:00:09.000427Z,2026-04-29T00:00:08.667000Z,1777420808667,GOLD,xyz:GOLD,4595.9,9.6065,9,4596.0,0.2136,2,4595.95,0.1000000000003638,0.21758287187711747,57.7042,265193.9225,15.4306,70928.42698,185.0578,850271.1952699999,189.07649999999998,869326.27983
2026-04-29T00:00:10.000369Z,2026-04-29T00:00:09.744000Z,1777420809744,GOLD,xyz:GOLD,4595.9,9.6065,9,4596.0,0.2136,2,4595.95,0.1000000000003638,0.21758287187711747,57.7042,265193.9225,14.875200000000001,68375.25551,185.0578,850271.1952699999,148.88830000000002,684522.55324
2026-04-29T00:00:11.000939Z,2026-04-29T00:00:09.744000Z,1777420809744,GOLD,xyz:GOLD,4595.9,9.6065,9,4596.0,0.2136,2,4595.95,0.1000000000003638,0.21758287187711747,57.7042,265193.9225,14.875200000000001,68375.25551,185.0578,850271.1952699999,148.88830000000002,684522.55324
2026-04-29T00:00:12.000917Z,2026-04-29T00:00:12.064000Z,1777420812064,GOLD,xyz:GOLD,4595.9,9.6065,9,4596.0,0.2136,2,4595.95,0.1000000000003638,0.21758287187711747,52.2641,240193.94295,15.9212,73183.19870000001,183.7963,844476.4631499999,188.56950000000003,866994.2488800001
2026-04-29T00:00:13.746814Z,2026-04-29T00:00:13.520000Z,1777420813520,GOLD,xyz:GOLD,4595.9,14.3383,15,4596.0,0.2136,1,4595.95,0.1000000000003638,0.21758287187711747,56.467400000000005,259511.97654,15.9212,73183.19870000001,186.2597,855800.5261899999,191.8321,881994.05238
2026-04-29T00:00:14.729894Z,2026-04-29T00:00:14.088000Z,1777420814088,GOLD,xyz:GOLD,4595.9,12.2383,14,4596.0,0.2136,1,4595.95,0.1000000000003638,0.21758287187711747,54.3674,249860.34489,28.1691,129477.84464,182.15970000000002,836955.1850599999,155.2295,713650.62899
2026-04-29T00:00:15.385212Z,2026-04-29T00:00:15.171000Z,1777420815171,GOLD,xyz:GOLD,4595.9,12.2383,14,4596.0,0.2136,1,4595.95,0.1000000000003638,0.21758287187711747,54.3674,249860.34489,28.1691,129477.84464,191.9327,881846.2656899999,156.5344,719649.90674
2026-04-29T00:00:16.205461Z,2026-04-29T00:00:15.728000Z,1777420815728,GOLD,xyz:GOLD,4595.9,12.2383,14,4596.0,0.2136,1,4595.95,0.1000000000003638,0.21758287187711747,54.3674,249860.34489,28.1691,129477.84464,195.1942,896832.2058899999,156.5344,719649.90674
2026-04-29T00:00:17.024398Z,2026-04-29T00:00:16.290000Z,1777420816290,GOLD,xyz:GOLD,4595.9,12.2383,14,4596.0,0.2136,1,4595.95,0.1000000000003638,0.21758287187711747,54.3674,249860.34489,28.1691,129477.84464,195.1942,896832.2058899999,156.5344,719649.90674
2026-04-29T00:00:18.826965Z,2026-04-29T00:00:18.440000Z,1777420818440,GOLD,xyz:GOLD,4596.7,13.6906,8,4596.8,0.2175,1,4596.75,0.1000000000003638,0.21754500462362278,18.673800000000004,85837.0724,18.9714,87215.89426,113.11170000000003,519798.70983000007,256.7743,1180753.4188899999
2026-04-29T00:00:19.482541Z,2026-04-29T00:00:18.985000Z,1777420818985,GOLD,xyz:GOLD,4596.7,51.0263,18,4596.8,0.2175,1,4596.75,0.1000000000003638,0.21754500462362278,52.5659,241629.30026,18.9714,87215.89426,151.87689999999998,697991.1478500001,256.7743,1180753.4188899999
2026-04-29T00:00:20.138142Z,2026-04-29T00:00:19.538000Z,1777420819538,GOLD,xyz:GOLD,4596.7,51.03,19,4596.8,0.2175,1,4596.75,0.1000000000003638,0.21754500462362278,52.0738,239367.36377,18.9714,87215.89426,152.36520000000002,700234.8605300001,234.59269999999998,1078753.5494499998
2026-04-29T00:00:21.120052Z,2026-04-29T00:00:20.624000Z,1777420820624,GOLD,xyz:GOLD,4597.2,8.8794,8,4597.3,0.2175,1,4597.25,0.1000000000003638,0.217521344282699,15.8915,73054.15861,28.4835,130962.77995999999,150.00669999999997,689465.0962500001,247.04740000000004,1136136.1550799997
2026-04-29T00:00:22.001080Z,2026-04-29T00:00:21.701000Z,1777420821701,GOLD,xyz:GOLD,4597.2,46.0408,20,4597.3,0.2175,1,4597.25,0.1000000000003638,0.217521344282699,61.6971,283625.67010999995,28.265900000000002,129962.29868,158.5619,728782.63607,248.13470000000004,1141137.0393899998
2026-04-29T00:00:23.001518Z,2026-04-29T00:00:22.747000Z,1777420822747,GOLD,xyz:GOLD,4597.2,46.5116,21,4597.3,0.2175,1,4597.25,0.1000000000003638,0.217521344282699,62.1679,285790.03187,31.4865,144769.97336,155.4596,714528.04334,248.09310000000002,1140944.79225
2026-04-29T00:00:24.071084Z,2026-04-29T00:00:23.826000Z,1777420823826,GOLD,xyz:GOLD,4597.2,46.5116,21,4597.3,0.2175,1,4597.25,0.1000000000003638,0.217521344282699,63.7881,293238.09127,31.4865,144769.97336,160.26330000000002,736605.8374999999,248.09310000000002,1140944.70581
2026-04-29T00:00:25.000474Z,2026-04-29T00:00:24.369000Z,1777420824369,GOLD,xyz:GOLD,4597.2,48.6116,22,4597.3,0.2175,1,4597.25,0.1000000000003638,0.217521344282699,58.7668,270157.79714000004,32.574600000000004,149774.14469,152.515,701000.97051,269.9395,1241437.46452
2026-04-29T00:00:26.001074Z,2026-04-29T00:00:25.506000Z,1777420825506,GOLD,xyz:GOLD,4597.2,48.6116,22,4597.3,0.2175,1,4597.25,0.1000000000003638,0.217521344282699,55.28660000000001,254161.44273,32.574600000000004,149774.14469,139.3401,640470.82882,282.4469,1298966.7190000003
2026-04-29T00:00:27.017787Z,2026-04-29T00:00:27.116000Z,1777420827116,GOLD,xyz:GOLD,4597.9,17.3473,12,4598.0,14.6177,4,4597.95,0.1000000000003638,0.2174882284504264,26.6122,122353.73861999999,38.8399,178594.19624999998,106.3358,488760.30052,270.62330000000003,1244623.2137199999
2026-04-29T00:00:28.495514Z,2026-04-29T00:00:28.194000Z,1777420828194,GOLD,xyz:GOLD,4597.9,24.0877,15,4598.0,13.0647,2,4597.95,0.1000000000003638,0.2174882284504264,26.388200000000005,121329.49155,37.2867,171453.56123,93.3028,428880.10054,268.2659,1233784.0629
2026-04-29T00:00:29.328369Z,2026-04-29T00:00:28.758000Z,1777420828758,GOLD,xyz:GOLD,4597.9,50.1804,17,4598.0,13.0647,2,4597.95,0.1000000000003638,0.2174882284504264,59.084399999999995,271660.00091999996,34.0247,156453.58042999997,123.9111,569619.8087899999,268.2655,1233783.8543399998
2026-04-29T00:00:30.296377Z,2026-04-29T00:00:29.839000Z,1777420829839,GOLD,xyz:GOLD,4597.9,50.1804,17,4598.0,13.0647,2,4597.95,0.1000000000003638,0.2174882284504264,57.9101,266261.3201,34.0247,156453.58042999997,122.73680000000002,564221.12797,268.2655,1233783.8543399998
2026-04-29T00:00:31.116919Z,2026-04-29T00:00:30.859000Z,1777420830859,GOLD,xyz:GOLD,4597.9,52.2841,19,4598.0,0.0024,1,4597.95,0.1000000000003638,0.2174882284504264,67.2192,309060.24004,83.6306,384615.88744,143.068,657698.1553,256.43890000000005,1179549.0957300002
2026-04-29T00:00:32.001190Z,2026-04-29T00:00:31.419000Z,1777420831419,GOLD,xyz:GOLD,4597.9,54.3841,20,4598.0,0.0024,1,4597.95,0.1000000000003638,0.2174882284504264,79.1044,363703.39604,79.7139,366602.67988999997,157.42399999999998,723698.0618700002,256.22260000000006,1178555.85885
2026-04-29T00:00:33.000884Z,2026-04-29T00:00:32.472000Z,1777420832472,GOLD,xyz:GOLD,4597.9,60.0387,22,4598.0,0.0024,1,4597.95,0.1000000000003638,0.2174882284504264,83.7149,384903.20174000005,62.3077,286553.43605,149.6539,688006.70316,215.6177,991791.38557
2026-04-29T00:00:34.098473Z,2026-04-29T00:00:33.556000Z,1777420833556,GOLD,xyz:GOLD,4597.9,54.6015,21,4598.0,0.0024,1,4597.95,0.1000000000003638,0.2174882284504264,70.6659,324910.64176,76.45779999999999,351634.6432800001,136.6049,628014.1431799999,232.71120000000002,1070433.90879
2026-04-29T00:00:35.000616Z,2026-04-29T00:00:34.655000Z,1777420834655,GOLD,xyz:GOLD,4597.9,55.1329,24,4598.0,0.0024,1,4597.95,0.1000000000003638,0.2174882284504264,84.3444,387799.6574,60.1336,276554.75022000005,156.5337,719637.2931800002,214.6497,987382.0476700002
2026-04-29T00:00:36.000242Z,2026-04-29T00:00:35.730000Z,1777420835730,GOLD,xyz:GOLD,4598.7,0.2499,1,4598.8,0.2174,1,4598.75,0.1000000000003638,0.21745039412963044,4.4042,20252.227720000003,74.2889,341668.15402,143.95090000000002,661831.7031200001,245.3746,1128833.1232
2026-04-29T00:00:37.001120Z,2026-04-29T00:00:36.266000Z,1777420836266,GOLD,xyz:GOLD,4598.7,48.9435,19,4598.8,0.2174,1,4598.75,0.1000000000003638,0.21745039412963044,59.261100000000006,272521.29968,60.349199999999996,277546.90624,153.1548,704190.7840999999,247.03369999999998,1136466.01595
2026-04-29T00:00:38.000988Z,2026-04-29T00:00:37.353000Z,1777420837353,GOLD,xyz:GOLD,4598.9,13.9437,13,4599.0,58.609,2,4598.95,0.1000000000003638,0.21744093760611402,39.598699999999994,182105.17386999997,60.349199999999996,277547.01493999996,135.2411,621821.1688499999,243.79109999999997,1121546.27353
2026-04-29T00:00:39.000942Z,2026-04-29T00:00:38.975000Z,1777420838975,GOLD,xyz:GOLD,4598.9,55.5356,25,4599.0,57.3626,2,4598.95,0.1000000000003638,0.21744093760611402,86.9223,399741.62707,59.119099999999996,271890.75802000007,226.87210000000005,1043172.2582699998,206.5188,950109.21087
2026-04-29T00:00:40.000849Z,2026-04-29T00:00:39.479000Z,1777420839479,GOLD,xyz:GOLD,4598.9,55.5356,25,4599.0,57.3626,2,4598.95,0.1000000000003638,0.21744093760611402,75.1808,345744.81687,59.766400000000004,274867.59904,216.32490000000004,994668.5249799999,191.5417,881177.6697499999
2026-04-29T00:00:41.001017Z,2026-04-29T00:00:40.569000Z,1777420840569,GOLD,xyz:GOLD,4598.9,55.5356,25,4599.0,57.3626,2,4598.95,0.1000000000003638,0.21744093760611402,73.8759,339743.84274999995,76.0618,349822.63398000004,218.83650000000006,1006216.36587,197.7072,909497.7877800001
2026-04-29T00:00:42.000571Z,2026-04-29T00:00:41.724000Z,1777420841724,GOLD,xyz:GOLD,4598.9,55.5356,25,4599.0,57.3626,2,4598.95,0.1000000000003638,0.21744093760611402,79.3121,364743.83930999995,60.84160000000001,279812.86674,210.33500000000004,967145.4987299999,189.7764,873029.42911
2026-04-29T00:00:43.075685Z,2026-04-29T00:00:42.764000Z,1777420842764,GOLD,xyz:GOLD,4598.9,54.0862,24,4599.0,57.2187,2,4598.95,0.1000000000003638,0.21744093760611402,77.8627,358078.19365,60.697700000000005,279151.07064,216.29960000000005,994553.5481799999,189.6325,872367.6554399999
2026-04-29T00:00:44.001377Z,2026-04-29T00:00:43.300000Z,1777420843300,GOLD,xyz:GOLD,4598.9,54.0862,24,4599.0,57.1695,2,4598.95,0.1000000000003638,0.21744093760611402,81.1242,373076.8537,60.648500000000006,278924.79984,210.66790000000003,968673.01623,204.65390000000002,941492.8665899999
2026-04-29T00:00:45.000370Z,2026-04-29T00:00:44.412000Z,1777420844412,GOLD,xyz:GOLD,4598.9,70.3936,26,4599.0,57.0574,2,4598.95,0.1000000000003638,0.21744093760611402,114.60700000000001,527058.5112000001,59.461200000000005,273463.98423999996,232.18990000000005,1067660.00269,193.32170000000002,889393.2331999999
2026-04-29T00:00:46.000757Z,2026-04-29T00:00:45.462000Z,1777420845462,GOLD,xyz:GOLD,4598.9,54.0862,24,4599.0,23.5606,1,4598.95,0.1000000000003638,0.21744093760611402,109.2298,502326.5824099999,25.9644,119412.20104,226.81270000000004,1042928.0739,171.56640000000002,789357.7302799998
2026-04-29T00:00:47.000821Z,2026-04-29T00:00:46.542000Z,1777420846542,GOLD,xyz:GOLD,4598.9,54.0862,24,4599.0,23.5606,1,4598.95,0.1000000000003638,0.21744093760611402,85.3127,392337.70999999996,27.0396,124356.92512,199.79980000000003,918725.40397,167.88230000000001,772376.4438799998
2026-04-29T00:00:48.318125Z,2026-04-29T00:00:47.707000Z,1777420847707,GOLD,xyz:GOLD,4598.9,54.0862,24,4599.0,23.5606,1,4598.95,0.1000000000003638,0.21744093760611402,84.0078,386337.12734999997,27.0396,124356.92512,198.49490000000003,912724.82132,169.18720000000002,778381.2056999999
2026-04-29T00:00:49.001140Z,2026-04-29T00:00:48.750000Z,1777420848750,GOLD,xyz:GOLD,4599.2,0.6593,1,4599.3,1.0872,1,4599.25,0.1000000000003638,0.21742675436291525,69.4813,319539.02078,4.566199999999999,21002.736999999997,198.4358,912482.2444300001,150.118,690695.84663
2026-04-29T00:00:50.000164Z,2026-04-29T00:00:49.288000Z,1777420849288,GOLD,xyz:GOLD,4599.2,45.1246,17,4599.3,1.0872,1,4599.25,0.1000000000003638,0.21742675436291525,67.4522,310218.85062000004,4.566199999999999,21002.736999999997,201.2229,925301.5890100001,130.37990000000002,599869.0567000001
2026-04-29T00:00:51.000694Z,2026-04-29T00:00:50.374000Z,1777420850374,GOLD,xyz:GOLD,4599.6,1.7031,2,4599.8,0.2174,1,4599.700000000001,0.1999999999998181,0.4348109659321653,71.3483,328155.26155999996,2.6218,12060.410579999998,193.33350000000002,889058.5675499999,65.27510000000001,300365.09916
2026-04-29T00:00:52.000753Z,2026-04-29T00:00:51.487000Z,1777420851487,GOLD,xyz:GOLD,4599.8,23.6456,18,4599.9,1.0872,1,4599.85,0.0999999999994543,0.21739839342468623,73.3526,337398.29366,3.4921,16064.37791,207.3699,953665.0867699999,106.69969999999999,490981.19591
2026-04-29T00:00:53.728080Z,2026-04-29T00:00:53.121000Z,1777420853121,GOLD,xyz:GOLD,4599.8,24.0811,18,4599.9,1.0872,1,4599.85,0.0999999999994543,0.21739839342468623,75.50819999999999,347312.88407,3.4921,16064.37791,210.8304,969581.6298999998,106.69969999999999,490981.19591
2026-04-29T00:00:54.708821Z,2026-04-29T00:00:54.198000Z,1777420854198,GOLD,xyz:GOLD,4599.9,12.0473,13,4600.2,0.5249,1,4600.049999999999,0.3000000000001819,0.6521668242740447,83.11000000000001,382286.61606,2.9200999999999997,13434.04565,226.00030000000004,1039367.2960500001,130.9902,602796.4453199999
2026-04-29T00:00:55.515062Z,2026-04-29T00:00:55.236000Z,1777420855236,GOLD,xyz:GOLD,4600.4,7.0648,11,4600.5,1.0506,1,4600.45,0.1000000000003638,0.21737003988819312,85.0012,391018.97435000003,4.1566,19123.9803,192.49199999999996,885386.9952100002,165.03549999999998,759521.1482
2026-04-29T00:00:56.188309Z,2026-04-29T00:00:55.782000Z,1777420855782,GOLD,xyz:GOLD,4600.4,18.472,19,4600.5,1.0506,1,4600.45,0.1000000000003638,0.21737003988819312,40.14810000000001,184690.74256999997,3.9392999999999994,18124.0408,149.4695,687477.2434300001,153.2773,705400.3960000001
2026-04-29T00:00:57.000225Z,2026-04-29T00:00:56.326000Z,1777420856326,GOLD,xyz:GOLD,4600.4,51.7622,26,4600.5,1.0506,1,4600.45,0.1000000000003638,0.21737003988819312,72.4381,333238.15006,3.9392999999999994,18124.0408,181.54209999999998,835024.7413600002,166.81799999999998,767725.6213199999
2026-04-29T00:00:58.000194Z,2026-04-29T00:00:57.958000Z,1777420857958,GOLD,xyz:GOLD,4600.4,51.7622,26,4600.5,1.0506,1,4600.45,0.1000000000003638,0.21737003988819312,72.4381,333238.15006,4.1566,19123.9803,181.32469999999998,834024.9187600001,165.4113,761252.2599200001
2026-04-29T00:00:59.295860Z,2026-04-29T00:00:58.497000Z,1777420858497,GOLD,xyz:GOLD,4600.4,48.0132,24,4600.5,1.6876,2,4600.45,0.1000000000003638,0.21737003988819312,68.6891,315991.25046,4.5763,21054.5593,174.3142,801776.0976099999,168.9728,777620.35321
2026-04-29T00:01:00.000381Z,2026-04-29T00:00:59.568000Z,1777420859568,GOLD,xyz:GOLD,4600.4,46.4248,20,4600.5,1.6876,2,4600.45,0.1000000000003638,0.21737003988819312,65.1076,299516.18113,34.0381,156602.94018,147.56410000000002,678731.5789900002,224.1226,1031400.5841399999
2026-04-29T00:01:01.000879Z,2026-04-29T00:01:00.661000Z,1777420860661,GOLD,xyz:GOLD,4600.4,46.4248,20,4600.5,1.6876,2,4600.45,0.1000000000003638,0.21737003988819312,70.7795,325603.06955,34.0381,156602.94018,196.7365,904851.6195300001,245.3503,1129085.1436200002
2026-04-29T00:01:02.001219Z,2026-04-29T00:01:01.700000Z,1777420861700,GOLD,xyz:GOLD,4600.4,47.9516,25,4600.5,0.637,1,4600.45,0.1000000000003638,0.21737003988819312,61.2502,281771.42864,32.2763,148498.66444,186.9589,859878.9992300002,203.3428,935750.73215
2026-04-29T00:01:03.001396Z,2026-04-29T00:01:02.801000Z,1777420862801,GOLD,xyz:GOLD,4600.4,47.9516,25,4600.5,0.637,1,4600.45,0.1000000000003638,0.21737003988819312,61.2502,281771.42864,32.9875,151769.65488,177.0749,814455.0660200001,228.8436,1053120.48101
2026-04-29T00:01:23.232767Z,2026-04-29T00:01:22.926000Z,1777420882926,GOLD,xyz:GOLD,4605.5,3.9585,7,4605.6,45.9205,8,4605.55,0.1000000000003638,0.21712933308804333,13.1375,60501.21342,90.91779999999999,418741.46255,96.07319999999999,442301.28512,204.8095,943441.4013
2026-04-29T00:01:23.692045Z,2026-04-29T00:01:22.926000Z,1777420882926,GOLD,xyz:GOLD,4605.5,3.9585,7,4605.6,45.9205,8,4605.55,0.1000000000003638,0.21712933308804333,13.1375,60501.21342,90.91779999999999,418741.46255,96.07319999999999,442301.28512,204.8095,943441.4013
2026-04-29T00:01:24.201832Z,2026-04-29T00:01:23.479000Z,1777420883479,GOLD,xyz:GOLD,4605.5,3.9585,7,4605.6,47.8205,9,4605.55,0.1000000000003638,0.21712933308804333,13.1375,60501.21342,94.1227,433502.60244000005,128.21810000000002,590306.09527,204.75290000000004,943176.4845400001
2026-04-29T00:01:24.638746Z,2026-04-29T00:01:24.007000Z,1777420884007,GOLD,xyz:GOLD,4605.5,6.6298,9,4605.6,45.9205,8,4605.55,0.1000000000003638,0.21712933308804333,15.8145,72830.13521000001,91.35929999999999,420775.40105999995,117.86299999999999,542639.21474,235.51020000000003,1084869.197
2026-04-29T00:01:25.063543Z,2026-04-29T00:01:24.565000Z,1777420884565,GOLD,xyz:GOLD,4605.5,6.6298,9,4605.6,43.9205,8,4605.55,0.1000000000003638,0.21712933308804333,15.8145,72830.13521000001,89.35929999999999,411564.20106,130.3943,600336.7052800001,233.51020000000003,1075657.997
2026-04-29T00:01:25.587870Z,2026-04-29T00:01:25.099000Z,1777420885099,GOLD,xyz:GOLD,4605.5,10.7953,15,4605.6,7.0149,3,4605.55,0.1000000000003638,0.21712933308804333,16.3507,75301.00193,34.6735,159697.39930000002,71.5767,329555.99426,151.339,697194.2147600001
2026-04-29T00:01:26.053797Z,2026-04-29T00:01:25.639000Z,1777420885639,GOLD,xyz:GOLD,4605.5,10.357,15,4605.6,20.254,4,4605.55,0.1000000000003638,0.21712933308804333,21.44,98737.70965,56.7264,261267.00965,86.0126,396047.53949000005,196.822,906679.86759
2026-04-29T00:01:26.517479Z,2026-04-29T00:01:26.172000Z,1777420886172,GOLD,xyz:GOLD,4605.5,9.5042,14,4605.6,24.9839,7,4605.55,0.1000000000003638,0.21712933308804333,27.081200000000003,124714.03314000001,61.4563,283051.03709,135.1202,622136.58165,231.93110000000001,1068415.92038
2026-04-29T00:01:26.982049Z,2026-04-29T00:01:26.713000Z,1777420886713,GOLD,xyz:GOLD,4605.5,9.5042,14,4605.6,24.1092,6,4605.55,0.1000000000003638,0.21712933308804333,26.612600000000004,122556.17700000001,60.581599999999995,279022.51877,100.45160000000001,462511.03179000004,198.4407,914133.3953000001
2026-04-29T00:01:27.420212Z,2026-04-29T00:01:26.713000Z,1777420886713,GOLD,xyz:GOLD,4605.5,9.5042,14,4605.6,24.1092,6,4605.55,0.1000000000003638,0.21712933308804333,26.612600000000004,122556.17700000001,60.581599999999995,279022.51877,100.45160000000001,462511.03179000004,198.4407,914133.3953000001
2026-04-29T00:01:27.860453Z,2026-04-29T00:01:27.246000Z,1777420887246,GOLD,xyz:GOLD,4605.5,11.5675,18,4605.6,23.3967,5,4605.55,0.1000000000003638,0.21712933308804333,28.675900000000002,132058.70515000002,60.575599999999994,278995.09712000005,141.85840000000002,653185.22783,236.8195,1090956.87464
2026-04-29T00:01:28.471046Z,2026-04-29T00:01:27.792000Z,1777420887792,GOLD,xyz:GOLD,4605.5,9.708,17,4605.6,24.1171,6,4605.55,0.1000000000003638,0.21712933308804333,18.725099999999998,86233.6248,63.245000000000005,291289.80634,94.65890000000002,435815.12862,193.95740000000004,893470.0036700001
2026-04-29T00:01:28.949746Z,2026-04-29T00:01:28.414000Z,1777420888414,GOLD,xyz:GOLD,4605.5,9.708,17,4605.6,24.1171,6,4605.55,0.1000000000003638,0.21712933308804333,18.725099999999998,86233.6248,63.245000000000005,291289.80634,100.13710000000002,461039.95091,195.69730000000004,901486.5929200001
2026-04-29T00:01:29.479036Z,2026-04-29T00:01:28.964000Z,1777420888964,GOLD,xyz:GOLD,4605.5,9.708,17,4605.6,24.1171,6,4605.55,0.1000000000003638,0.21712933308804333,19.650399999999998,90494.6313,62.459500000000006,287672.02899,127.88440000000001,588818.9221900001,228.39090000000004,1052102.99064
2026-04-29T00:01:29.902803Z,2026-04-29T00:01:29.517000Z,1777420889517,GOLD,xyz:GOLD,4605.5,9.708,17,4605.6,24.1171,6,4605.55,0.1000000000003638,0.21712933308804333,19.650399999999998,90494.6313,62.459500000000006,287672.02899,126.25099999999999,581297.76855,226.65100000000004,1044086.40139
2026-04-29T00:01:30.323919Z,2026-04-29T00:01:30.043000Z,1777420890043,GOLD,xyz:GOLD,4605.5,9.708,17,4605.6,24.1171,6,4605.55,0.1000000000003638,0.21712933308804333,19.650399999999998,90494.6313,62.459500000000006,287672.02899,127.8704,588754.45779,226.65100000000004,1044086.40139
2026-04-29T00:01:30.813746Z,2026-04-29T00:01:30.043000Z,1777420890043,GOLD,xyz:GOLD,4605.5,9.708,17,4605.6,24.1171,6,4605.55,0.1000000000003638,0.21712933308804333,19.650399999999998,90494.6313,62.459500000000006,287672.02899,127.8704,588754.45779,226.65100000000004,1044086.40139
2026-04-29T00:01:31.301883Z,2026-04-29T00:01:30.604000Z,1777420890604,GOLD,xyz:GOLD,4605.5,9.708,17,4605.6,24.0752,6,4605.55,0.1000000000003638,0.21712933308804333,11.7793,54248.86697,63.281000000000006,291455.6157300001,95.8522,441300.81357,196.0475,903098.6301200001
2026-04-29T00:01:31.727263Z,2026-04-29T00:01:31.140000Z,1777420891140,GOLD,xyz:GOLD,4605.5,9.208,16,4605.6,24.0752,6,4605.55,0.1000000000003638,0.21712933308804333,11.2793,51946.11697,63.281000000000006,291455.6157300001,97.4456,448623.27153,188.9318,870309.21923
2026-04-29T00:01:32.200987Z,2026-04-29T00:01:31.677000Z,1777420891677,GOLD,xyz:GOLD,4605.5,9.6863,16,4605.6,46.005,7,4605.55,0.1000000000003638,0.21712933308804333,11.7744,54226.300789999994,99.5439,458473.84754999995,74.1779,341523.2071899999,192.84589999999997,888312.41724
2026-04-29T00:01:32.625384Z,2026-04-29T00:01:32.214000Z,1777420892214,GOLD,xyz:GOLD,4605.5,9.6863,16,4605.6,46.005,7,4605.55,0.1000000000003638,0.21712933308804333,11.7744,54226.300789999994,99.5439,458473.84754999995,75.0757,345655.95605999994,199.5428,919166.51834
2026-04-29T00:01:33.081145Z,2026-04-29T00:01:32.778000Z,1777420892778,GOLD,xyz:GOLD,4605.5,9.6863,16,4605.6,46.005,7,4605.55,0.1000000000003638,0.21712933308804333,11.774299999999998,54225.84178,99.5439,458473.84754999995,78.856,363059.27651,199.5428,919166.51834
2026-04-29T00:01:33.578203Z,2026-04-29T00:01:33.318000Z,1777420893318,GOLD,xyz:GOLD,4605.5,9.6863,16,4605.6,47.905,8,4605.55,0.1000000000003638,0.21712933308804333,11.774299999999998,54225.84178,101.44389999999999,467224.48754999996,106.51199999999999,490386.55237999995,234.0585,1078148.3341099997
2026-04-29T00:01:34.009515Z,2026-04-29T00:01:33.318000Z,1777420893318,GOLD,xyz:GOLD,4605.5,9.6863,16,4605.6,47.905,8,4605.55,0.1000000000003638,0.21712933308804333,11.774299999999998,54225.84178,101.44389999999999,467224.48754999996,106.51199999999999,490386.55237999995,234.0585,1078148.3341099997
2026-04-29T00:01:34.667639Z,2026-04-29T00:01:34.386000Z,1777420894386,GOLD,xyz:GOLD,4605.5,4.8438,13,4605.6,47.905,8,4605.55,0.1000000000003638,0.21712933308804333,6.9101,31823.770849999997,134.0943,617608.8820399999,79.93469999999998,368013.03690999997,235.83310000000003,1086314.8981399997
2026-04-29T00:01:35.312951Z,2026-04-29T00:01:34.927000Z,1777420894927,GOLD,xyz:GOLD,4605.5,4.8438,13,4605.6,46.005,7,4605.55,0.1000000000003638,0.21712933308804333,6.9275,31903.904359999997,86.5504,398625.70021,76.16359999999999,350653.47130999994,194.2291,894685.0529899999
2026-04-29T00:01:35.968181Z,2026-04-29T00:01:35.465000Z,1777420895465,GOLD,xyz:GOLD,4605.5,4.8438,13,4605.6,46.005,7,4605.55,0.1000000000003638,0.21712933308804333,6.9275,31903.904359999997,86.5504,398625.70021,101.5156,467387.37089,234.00459999999998,1077918.1186199998
2026-04-29T00:01:36.786173Z,2026-04-29T00:01:36.549000Z,1777420896549,GOLD,xyz:GOLD,4605.5,9.1863,15,4605.6,46.005,7,4605.55,0.1000000000003638,0.21712933308804333,9.968199999999998,45908.238750000004,86.5157,398465.87201,57.989000000000004,267002.90005999996,199.61430000000001,919498.5230599999
2026-04-29T00:01:37.442987Z,2026-04-29T00:01:37.084000Z,1777420897084,GOLD,xyz:GOLD,4605.5,3.8438,12,4605.6,46.005,7,4605.55,0.1000000000003638,0.21712933308804333,5.6083,25828.62149,119.2202,549099.53203,77.57779999999998,357167.5436899999,234.05870000000002,1078145.5283899999
2026-04-29T00:01:38.108117Z,2026-04-29T00:01:37.650000Z,1777420897650,GOLD,xyz:GOLD,4605.5,3.8438,12,4605.6,47.905,8,4605.55,0.1000000000003638,0.21712933308804333,5.6083,25828.62149,88.50450000000001,407625.51939999993,82.78529999999999,381145.97821999993,235.89360000000002,1086602.7497899998
2026-04-29T00:01:38.753624Z,2026-04-29T00:01:38.189000Z,1777420898189,GOLD,xyz:GOLD,4605.5,4.8438,13,4605.6,46.005,7,4605.55,0.1000000000003638,0.21712933308804333,5.6083,25828.72149,86.5504,398625.70021,42.205,194320.64921,197.5839,910143.80952
2026-04-29T00:01:39.410349Z,2026-04-29T00:01:38.726000Z,1777420898726,GOLD,xyz:GOLD,4605.5,3.8438,12,4605.6,46.005,7,4605.55,0.1000000000003638,0.21712933308804333,4.6083,21223.22149,86.5504,398625.70021,84.0308,386859.14002000005,192.22910000000002,885472.6529899999
2026-04-29T00:01:40.064929Z,2026-04-29T00:01:39.805000Z,1777420899805,GOLD,xyz:GOLD,4605.5,3.8438,12,4605.6,47.905,8,4605.55,0.1000000000003638,0.21712933308804333,4.6083,21223.22149,88.454,407392.92072999995,84.4397,388742.3408700001,235.80620000000002,1086194.6449899997
2026-04-29T00:01:40.613434Z,2026-04-29T00:01:40.343000Z,1777420900343,GOLD,xyz:GOLD,4605.5,4.8438,13,4605.6,47.905,8,4605.55,0.1000000000003638,0.21712933308804333,5.6083,25828.72149,88.454,407392.92072999995,115.3347,530977.08355,235.80620000000002,1086194.6449899997
2026-04-29T00:01:41.210944Z,2026-04-29T00:01:40.907000Z,1777420900907,GOLD,xyz:GOLD,4605.5,4.8438,13,4605.6,47.905,8,4605.55,0.1000000000003638,0.21712933308804333,5.6083,25828.72149,88.454,407392.92072999995,94.64809999999999,435737.61464000004,203.19050000000001,935963.4692199999
2026-04-29T00:01:41.868287Z,2026-04-29T00:01:41.446000Z,1777420901446,GOLD,xyz:GOLD,4605.5,3.8438,12,4605.6,47.905,8,4605.55,0.1000000000003638,0.21712933308804333,5.617500000000001,25870.99208,88.454,407392.92072999995,62.0855,285843.63928000006,203.25560000000002,936263.4044499999
2026-04-29T00:01:42.687981Z,2026-04-29T00:01:41.984000Z,1777420901984,GOLD,xyz:GOLD,4605.5,4.8438,13,4605.6,47.9467,9,4605.55,0.1000000000003638,0.21712933308804333,5.617500000000001,25871.09208,88.5498,407834.15343999997,58.9908,271589.25253,203.3514,936704.6371599999
2026-04-29T00:01:43.505039Z,2026-04-29T00:01:43.073000Z,1777420903073,GOLD,xyz:GOLD,4605.5,3.8438,12,4605.6,47.9467,9,4605.55,0.1000000000003638,0.21712933308804333,5.639200000000001,25970.929259999997,88.5498,407834.15343999997,61.42520000000001,282798.63351,199.1567,917379.76114
2026-04-29T00:01:44.161177Z,2026-04-29T00:01:43.616000Z,1777420903616,GOLD,xyz:GOLD,4605.5,4.8438,13,4605.6,46.0443,8,4605.55,0.1000000000003638,0.21712933308804333,5.639200000000001,25971.02926,86.5586,398663.45261,121.38539999999999,558842.3633099999,231.85070000000002,1067992.34668
2026-04-29T00:01:44.816415Z,2026-04-29T00:01:44.152000Z,1777420904152,GOLD,xyz:GOLD,4605.5,7.5151,15,4605.6,46.0443,8,4605.55,0.1000000000003638,0.21712933308804333,11.5651,53262.43625,86.55859999999998,398663.53895,132.41160000000002,609627.84151,231.78560000000002,1067703.5722799997
2026-04-29T00:01:45.431121Z,2026-04-29T00:01:45.233000Z,1777420905233,GOLD,xyz:GOLD,4605.5,7.5151,15,4605.6,46.0443,8,4605.55,0.1000000000003638,0.21712933308804333,9.6123,44269.01113,83.60359999999999,385052.9739600001,135.8891,625634.97408,228.83169999999998,1054094.0312200002
2026-04-29T00:01:46.128132Z,2026-04-29T00:01:45.768000Z,1777420905768,GOLD,xyz:GOLD,4605.5,11.0352,18,4605.6,24.0728,6,4605.55,0.1000000000003638,0.21712933308804333,14.0284,64607.17831,58.976600000000005,271630.04389000003,153.26500000000001,705652.70691,223.01170000000002,1027330.4755700002
2026-04-29T00:01:46.829823Z,2026-04-29T00:01:46.299000Z,1777420906299,GOLD,xyz:GOLD,4605.5,11.0352,18,4605.6,20.1646,5,4605.55,0.1000000000003638,0.21712933308804333,14.0284,64607.17831,33.3562,153630.55843,150.23510000000002,691704.18432,205.21590000000003,945376.3213400001
2026-04-29T00:01:47.438231Z,2026-04-29T00:01:46.866000Z,1777420906866,GOLD,xyz:GOLD,4605.5,11.0352,18,4605.6,16.9971,3,4605.55,0.1000000000003638,0.21712933308804333,21.139400000000002,97354.75551,30.188699999999997,139042.32043,121.59140000000002,559821.6606999999,206.60980000000004,951800.0442500002
2026-04-29T00:01:48.277909Z,2026-04-29T00:01:47.939000Z,1777420907939,GOLD,xyz:GOLD,4605.5,11.8595,19,4605.6,20.254,4,4605.55,0.1000000000003638,0.21712933308804333,21.963700000000003,101151.06916,33.4456,154042.29907,146.7532,675696.87741,223.0509,1027533.3534000003
2026-04-29T00:01:49.000943Z,2026-04-29T00:01:48.476000Z,1777420908476,GOLD,xyz:GOLD,4605.5,11.8595,19,4605.6,20.254,4,4605.55,0.1000000000003638,0.21712933308804333,21.963700000000003,101151.06916,33.4456,154042.29907,160.4535,738766.1742199999,223.91430000000003,1031510.2601400003
2026-04-29T00:01:50.001064Z,2026-04-29T00:01:49.570000Z,1777420909570,GOLD,xyz:GOLD,4605.5,10.5323,18,4605.6,21.106,5,4605.55,0.1000000000003638,0.21712933308804333,20.6365,95038.64956,35.3832,162966.54387000002,144.955,667410.11277,225.8102,1040229.3175700001
2026-04-29T00:01:51.000953Z,2026-04-29T00:01:50.664000Z,1777420910664,GOLD,xyz:GOLD,4605.5,11.8539,19,4605.6,20.254,4,4605.55,0.1000000000003638,0.21712933308804333,21.9581,101125.27836,34.5312,159042.57267000002,115.31110000000001,530918.81544,195.42849999999999,900273.2221600001
2026-04-29T00:01:52.000401Z,2026-04-29T00:01:51.763000Z,1777420911763,GOLD,xyz:GOLD,4605.5,11.8539,19,4605.6,21.0037,5,4605.55,0.1000000000003638,0.21712933308804333,21.9581,101125.27836,35.280899999999995,162495.39098999999,113.661,523320.92999,194.87329999999997,897714.6271600001
2026-04-29T00:01:53.001346Z,2026-04-29T00:01:52.309000Z,1777420912309,GOLD,xyz:GOLD,4605.5,11.7073,17,4605.6,21.0037,5,4605.55,0.1000000000003638,0.21712933308804333,21.811500000000002,100450.11206,35.280899999999995,162495.39098999999,146.1301,672821.4927699999,228.79389999999998,1053980.0472400002
2026-04-29T00:01:54.001164Z,2026-04-29T00:01:53.383000Z,1777420913383,GOLD,xyz:GOLD,4605.4,0.0042,1,4605.5,2.1026,6,4605.45,0.1000000000003638,0.21713404770514022,4.0236,18528.43319,52.7008,242721.38361000002,42.7757,196935.20108000003,201.87829999999997,929939.34527
2026-04-29T00:01:55.001049Z,2026-04-29T00:01:54.466000Z,1777420914466,GOLD,xyz:GOLD,4605.4,3.4426,5,4605.5,5.1711,7,4605.45,0.1000000000003638,0.21713404770514022,7.680400000000001,35370.21927,55.014199999999995,253376.15056,99.8073,459499.80572999996,234.15609999999998,1078620.9335999999
2026-04-29T00:01:56.000275Z,2026-04-29T00:01:55.557000Z,1777420915557,GOLD,xyz:GOLD,4605.3,0.0105,1,4605.5,5.5711,8,4605.4,0.1999999999998181,0.43427281017895975,0.8079000000000001,3720.1955400000006,110.0138,506685.54071000003,73.8939,340163.20379,238.1261,1096864.7307
2026-04-29T00:01:57.000415Z,2026-04-29T00:01:56.661000Z,1777420916661,GOLD,xyz:GOLD,4605.3,0.9533,1,4605.4,24.8348,11,4605.35,0.0999999999994543,0.21713876252500744,1.3804,6357.04813,95.7952,441192.07975,70.93610000000001,326514.28315000003,217.2714,1000806.1549799999
2026-04-29T00:01:58.001409Z,2026-04-29T00:01:57.751000Z,1777420917751,GOLD,xyz:GOLD,4605.3,1.2171,2,4605.4,11.7359,9,4605.35,0.0999999999994543,0.21713876252500744,3.8158000000000003,17571.92711,93.985,432858.59729,96.66599999999998,444957.20014,214.1564,986462.58846
2026-04-29T00:01:59.000528Z,2026-04-29T00:01:58.824000Z,1777420918824,GOLD,xyz:GOLD,4605.3,0.2171,1,4605.4,11.7359,9,4605.35,0.0999999999994543,0.21713876252500744,3.8158000000000003,17571.827110000002,97.2464,447879.95341,110.4585,508475.39125,220.06909999999996,1013699.1534200001
2026-04-29T00:02:00.000816Z,2026-04-29T00:01:59.905000Z,1777420919905,GOLD,xyz:GOLD,4605.3,0.2171,1,4605.4,11.6933,8,4605.35,0.0999999999994543,0.21713876252500744,3.8158000000000003,17571.827110000002,126.5581,582883.79831,106.54569999999998,490460.58502,249.3808,1148702.9983199998
2026-04-29T00:02:01.000779Z,2026-04-29T00:02:00.413000Z,1777420920413,GOLD,xyz:GOLD,4605.3,0.2171,1,4605.4,24.7215,9,4605.35,0.0999999999994543,0.21713876252500744,0.6442,2966.6262699999997,123.2963,567847.88516,100.96319999999999,464721.32408000005,241.6545,1113099.62618
2026-04-29T00:02:02.000802Z,2026-04-29T00:02:01.489000Z,1777420921489,GOLD,xyz:GOLD,4604.5,4.984,4,4604.6,22.4864,9,4604.55,0.1000000000003638,0.21717648847414794,7.6553,35247.93879000001,109.7961,505614.66691,117.93350000000001,542838.67654,277.69190000000003,1278961.9733899995
2026-04-29T00:02:03.001011Z,2026-04-29T00:02:02.574000Z,1777420922574,GOLD,xyz:GOLD,4604.5,5.034,5,4604.6,22.4864,9,4604.55,0.1000000000003638,0.21717648847414794,7.7053,35478.163790000006,70.9059,326512.19867,123.41479999999999,568068.63231,281.3301,1295714.8184999996
2026-04-29T00:02:04.000607Z,2026-04-29T00:02:03.634000Z,1777420923634,GOLD,xyz:GOLD,4604.5,6.034,6,4604.6,21.6208,8,4604.55,0.1000000000003638,0.21717648847414794,11.2295,51702.975750000005,70.0403,322526.45691,125.5143,577732.5616700001,262.49359999999996,1208933.4876699997
2026-04-29T00:02:05.001296Z,2026-04-29T00:02:04.713000Z,1777420924713,GOLD,xyz:GOLD,4604.5,8.697,8,4604.6,4.6056,3,4604.55,0.1000000000003638,0.21717648847414794,13.9653,64301.27464,62.060199999999995,285780.43642,129.1027,594243.74235,218.41289999999998,1005925.0303699999
2026-04-29T00:02:06.001108Z,2026-04-29T00:02:05.246000Z,1777420925246,GOLD,xyz:GOLD,4604.5,9.5242,8,4604.6,4.6056,3,4604.55,0.1000000000003638,0.21717648847414794,13.8748,63884.66133,63.146,290780.5232,144.10600000000002,663336.60003,261.3991,1203909.9794699997
2026-04-29T00:02:07.001046Z,2026-04-29T00:02:06.421000Z,1777420926421,GOLD,xyz:GOLD,4604.5,10.0242,9,4604.6,4.6056,3,4604.55,0.1000000000003638,0.21717648847414794,13.552599999999998,62401.69562,62.060199999999995,285780.52278,120.3511,553969.91206,258.1959,1189159.2822699999
2026-04-29T00:02:08.001180Z,2026-04-29T00:02:07.502000Z,1777420927502,GOLD,xyz:GOLD,4604.5,10.0459,10,4604.6,0.7193,1,4604.55,0.1000000000003638,0.21717648847414794,64.3562,296291.61603,53.2931,245416.70901000002,180.02840000000003,828701.7229799997,271.5679,1250819.86404
2026-04-29T00:02:09.000809Z,2026-04-29T00:02:08.577000Z,1777420928577,GOLD,xyz:GOLD,4604.5,10.1022,11,4604.6,0.7193,1,4604.55,0.1000000000003638,0.21717648847414794,16.005799999999997,73696.09291,22.2572,102504.68747,113.96929999999999,524616.1360800001,167.1636,770008.65157
2026-04-29T00:02:10.001107Z,2026-04-29T00:02:09.646000Z,1777420929646,GOLD,xyz:GOLD,4605.2,8.8258,11,4605.3,14.3101,3,4605.25,0.1000000000003638,0.21714347755358296,26.3629,121397.64942,33.934999999999995,156286.41311000002,130.2337,599569.17925,179.9787,829041.73787
2026-04-29T00:02:11.000872Z,2026-04-29T00:02:10.739000Z,1777420930739,GOLD,xyz:GOLD,4605.2,10.8799,13,4605.3,13.7952,2,4605.25,0.1000000000003638,0.21714347755358296,33.1573,152682.34919,32.0729,147710.87844,182.8324,841723.3087399998,184.6276,850468.76094
2026-04-29T00:02:12.000265Z,2026-04-29T00:02:11.281000Z,1777420931281,GOLD,xyz:GOLD,4605.2,10.8799,13,4605.3,13.7952,2,4605.25,0.1000000000003638,0.21714347755358296,34.7395,159967.58909,32.0729,147710.87844,149.3989,687786.96113,184.6276,850468.76094
2026-04-29T00:02:13.000963Z,2026-04-29T00:02:12.848000Z,1777420932848,GOLD,xyz:GOLD,4605.2,8.3035,8,4605.3,15.2276,4,4605.25,0.1000000000003638,0.21714347755358296,24.4411,112543.60325,36.9845,170331.141,155.57699999999994,716219.6214199999,223.8014,1030921.2551399999
2026-04-29T00:02:14.001067Z,2026-04-29T00:02:13.395000Z,1777420933395,GOLD,xyz:GOLD,4605.2,8.3035,8,4605.3,15.2276,4,4605.25,0.1000000000003638,0.21714347755358296,29.8707,137543.11053,36.9845,170331.141,156.91439999999997,722378.3864199999,255.23430000000005,1175738.07343
2026-04-29T00:02:15.000420Z,2026-04-29T00:02:14.482000Z,1777420934482,GOLD,xyz:GOLD,4605.2,8.3035,8,4605.3,15.2276,4,4605.25,0.1000000000003638,0.21714347755358296,24.4411,112543.60325,36.9845,170331.141,158.07659999999996,727728.3017099999,255.23430000000005,1175738.07343
2026-04-29T00:02:16.000403Z,2026-04-29T00:02:15.570000Z,1777420935570,GOLD,xyz:GOLD,4605.2,8.3035,8,4605.3,15.2276,4,4605.25,0.1000000000003638,0.21714347755358296,24.4411,112543.60325,36.9845,170331.141,136.85829999999996,630030.5620999999,255.23430000000005,1175738.07343
2026-04-29T00:02:17.000844Z,2026-04-29T00:02:16.647000Z,1777420936647,GOLD,xyz:GOLD,4605.2,3.4605,5,4605.3,17.1276,5,4605.25,0.1000000000003638,0.21714347755358296,12.8685,59255.45724,73.6258,339087.9135,167.82629999999995,772550.2983399999,227.7536,1049119.9346999999
2026-04-29T00:02:18.001467Z,2026-04-29T00:02:17.708000Z,1777420937708,GOLD,xyz:GOLD,4605.2,9.4822,9,4605.3,14.3641,3,4605.25,0.1000000000003638,0.21714347755358296,19.5809,90167.43726,58.6967,270331.19324000005,157.06409999999997,723074.6677899999,230.11090000000002,1059970.26989
2026-04-29T00:02:19.000933Z,2026-04-29T00:02:18.271000Z,1777420938271,GOLD,xyz:GOLD,4605.2,9.4822,9,4605.3,14.3641,3,4605.25,0.1000000000003638,0.21714347755358296,18.6664,85956.71506,58.6967,270331.19324000005,154.00949999999997,709015.2231899999,230.17600000000002,1060270.19861
2026-04-29T00:02:20.001447Z,2026-04-29T00:02:19.306000Z,1777420939306,GOLD,xyz:GOLD,4605.2,7.8034,7,4605.3,17.1276,5,4605.25,0.1000000000003638,0.21714347755358296,16.9975,78270.54418,60.596700000000006,279081.09054,117.4581,540710.1438800001,232.16479999999999,1069416.18675
2026-04-29T00:02:21.001080Z,2026-04-29T00:02:20.368000Z,1777420940368,GOLD,xyz:GOLD,4605.2,3.4388,4,4605.3,21.4793,6,4605.25,0.1000000000003638,0.21714347755358296,5.9431,27366.957499999997,69.0735,318120.05653000006,64.1728,295401.01781,184.5084,849875.6769799999
2026-04-29T00:02:22.000973Z,2026-04-29T00:02:21.438000Z,1777420941438,GOLD,xyz:GOLD,4604.9,0.0032,1,4605.0,42.1262,10,4604.95,0.1000000000003638,0.21715762386206974,6.0485,27846.56232,84.07390000000001,387173.36867999996,101.76009999999998,468379.74621000007,202.1026,930827.9650799999
2026-04-29T00:02:23.000757Z,2026-04-29T00:02:22.530000Z,1777420942530,GOLD,xyz:GOLD,4604.9,2.1747,2,4605.0,46.2471,12,4604.95,0.1000000000003638,0.21715762386206974,3.7733999999999996,17374.88278,85.6633,394492.76601,55.824299999999994,256953.29095,224.20650000000003,1032639.4823100001
2026-04-29T00:02:24.001119Z,2026-04-29T00:02:23.623000Z,1777420943623,GOLD,xyz:GOLD,4604.9,3.3918,4,4605.0,46.2471,12,4604.95,0.1000000000003638,0.21715762386206974,4.6101,21228.18735,82.40190000000001,379472.71445,127.4377,586610.75936,253.56080000000003,1167834.29867
2026-04-29T00:02:25.000863Z,2026-04-29T00:02:24.141000Z,1777420944141,GOLD,xyz:GOLD,4604.9,3.3918,4,4605.0,46.2471,12,4604.95,0.1000000000003638,0.21715762386206974,7.822099999999999,36016.88643,82.40190000000001,379472.71445,112.88210000000001,519610.59516,229.68450000000004,1057871.29385
2026-04-29T00:02:26.000985Z,2026-04-29T00:02:25.273000Z,1777420945273,GOLD,xyz:GOLD,4604.9,2.3918,3,4605.0,46.2045,11,4604.95,0.1000000000003638,0.21715762386206974,4.960999999999999,22843.80059,114.97500000000002,529484.88623,98.6267,454002.53917000006,259.71279999999996,1196163.7535300003
2026-04-29T00:02:27.000377Z,2026-04-29T00:02:26.353000Z,1777420946353,GOLD,xyz:GOLD,4604.9,3.3918,4,4605.0,46.2045,11,4604.95,0.1000000000003638,0.21715762386206974,5.868799999999999,27023.502569999997,114.97500000000002,529484.88623,119.815,551521.78992,259.71279999999996,1196163.7535300003
2026-04-29T00:02:28.000600Z,2026-04-29T00:02:27.461000Z,1777420947461,GOLD,xyz:GOLD,4604.9,3.3918,4,4605.0,46.2045,11,4604.95,0.1000000000003638,0.21715762386206974,5.868799999999999,27023.502569999997,114.97500000000002,529484.88623,122.4221,563521.7930399999,259.71279999999996,1196163.7535300003
2026-04-29T00:02:29.000863Z,2026-04-29T00:02:28.566000Z,1777420948566,GOLD,xyz:GOLD,4604.9,3.3918,4,4605.0,46.2045,11,4604.95,0.1000000000003638,0.21715762386206974,5.868799999999999,27023.502569999997,114.97500000000002,529484.88623,109.82329999999999,505521.7440600001,259.71279999999996,1196163.7535300003
2026-04-29T00:02:30.001212Z,2026-04-29T00:02:29.636000Z,1777420949636,GOLD,xyz:GOLD,4604.7,0.05,1,4604.8,2.9427,5,4604.75,0.1000000000003638,0.21716705575843162,3.8520000000000003,17735.15115,68.31469999999999,314594.26214999997,91.55850000000001,421443.69369000004,257.0534,1183919.14765
2026-04-29T00:02:31.000956Z,2026-04-29T00:02:30.172000Z,1777420950172,GOLD,xyz:GOLD,4604.7,1.2671,3,4604.8,9.3623,7,4604.75,0.1000000000003638,0.21716705575843162,5.069100000000001,23339.531519999997,69.3402,319315.40583,92.522,425880.4346200001,258.0138,1188340.40818
2026-04-29T00:02:32.001252Z,2026-04-29T00:02:31.276000Z,1777420951276,GOLD,xyz:GOLD,4604.7,0.2671,2,4604.8,10.2259,8,4604.75,0.1000000000003638,0.21716705575843162,4.645300000000001,21388.2987,70.2038,323292.11111,88.7061,408318.94636000006,257.69849999999997,1186880.3240500002
2026-04-29T00:02:33.001196Z,2026-04-29T00:02:32.348000Z,1777420952348,GOLD,xyz:GOLD,4604.7,0.2671,2,4604.8,10.4282,9,4604.75,0.1000000000003638,0.21716705575843162,1.8592,8559.64682,89.0847,410236.92128,37.6027,173078.95362,220.70759999999999,1016504.5405400002
2026-04-29T00:02:34.000509Z,2026-04-29T00:02:33.374000Z,1777420953374,GOLD,xyz:GOLD,4604.5,0.2171,1,4604.6,19.2821,7,4604.55,0.1000000000003638,0.21717648847414794,3.2322,14880.50088,120.7747,556149.4024199999,74.9363,344911.25944,274.21700000000004,1262896.1697
2026-04-29T00:02:35.000359Z,2026-04-29T00:02:34.451000Z,1777420954451,GOLD,xyz:GOLD,4604.5,7.4721,8,4604.6,13.8756,2,4604.55,0.1000000000003638,0.21717648847414794,15.112300000000001,69582.98217000002,35.8513,165088.87821,96.4637,444045.44353000005,224.5533,1034234.4408
2026-04-29T00:02:36.001305Z,2026-04-29T00:02:35.532000Z,1777420955532,GOLD,xyz:GOLD,4604.5,9.6439,9,4604.6,13.03,1,4604.55,0.1000000000003638,0.21717648847414794,20.097900000000003,92538.62461000001,33.700799999999994,155186.42493,129.73550000000003,597229.14346,256.03770000000003,1179259.5073
2026-04-29T00:02:37.000497Z,2026-04-29T00:02:36.614000Z,1777420956614,GOLD,xyz:GOLD,4604.5,5.6105,5,4604.6,14.594,3,4604.55,0.1000000000003638,0.21717648847414794,8.635000000000002,39758.73258,35.8103,164899.44886,105.92960000000002,487596.92914,208.8825,962039.6750100001
2026-04-29T00:02:38.000749Z,2026-04-29T00:02:37.690000Z,1777420957690,GOLD,xyz:GOLD,4604.5,0.2671,2,4604.6,29.5247,5,4604.55,0.1000000000003638,0.21717648847414794,2.06,9484.76374,88.3513,406844.28212,123.47290000000001,568296.26897,251.64970000000002,1158959.28377
2026-04-29T00:02:39.001119Z,2026-04-29T00:02:38.730000Z,1777420958730,GOLD,xyz:GOLD,4604.5,1.2671,3,4604.6,30.8296,6,4604.55,0.1000000000003638,0.21717648847414794,11.238199999999999,51739.19467999999,89.6562,412852.82466000004,106.0936,488303.21869,265.26750000000004,1221691.5595
2026-04-29T00:02:40.000587Z,2026-04-29T00:02:39.263000Z,1777420959263,GOLD,xyz:GOLD,4604.5,1.2671,3,4604.6,30.8296,6,4604.55,0.1000000000003638,0.21717648847414794,11.238199999999999,51739.19467999999,89.6562,412852.82466000004,125.17569999999998,576143.5931599999,265.26750000000004,1221691.5595
2026-04-29T00:02:41.001180Z,2026-04-29T00:02:40.359000Z,1777420960359,GOLD,xyz:GOLD,4604.5,0.2671,2,4604.6,30.8296,6,4604.55,0.1000000000003638,0.21717648847414794,3.2322,14880.303660000001,57.0946,262906.65125,79.02939999999998,363735.78001999995,233.5631,1075693.3064100002
2026-04-29T00:02:42.000685Z,2026-04-29T00:02:41.441000Z,1777420961441,GOLD,xyz:GOLD,4604.5,0.2671,2,4604.6,30.8296,6,4604.55,0.1000000000003638,0.21717648847414794,3.2321,14880.277719999998,89.7103,413092.16504,134.4933,618993.77537,265.42920000000004,1222425.71284
2026-04-29T00:02:43.000946Z,2026-04-29T00:02:42.514000Z,1777420962514,GOLD,xyz:GOLD,4604.5,0.2671,2,4604.6,30.8296,6,4604.55,0.1000000000003638,0.21717648847414794,3.2384,14909.50139,89.7103,413092.16504,129.06719999999999,594016.57128,258.3822,1189967.2113100002
2026-04-29T00:02:44.001379Z,2026-04-29T00:02:43.616000Z,1777420963616,GOLD,xyz:GOLD,4604.2,0.0063,1,4604.3,0.0427,1,4604.25,0.1000000000003638,0.21719063908424563,1.6108,7415.52829,65.2051,300243.5409700001,47.230999999999995,217374.75788,239.87620000000004,1104692.8343000002
2026-04-29T00:02:45.001051Z,2026-04-29T00:02:44.661000Z,1777420964661,GOLD,xyz:GOLD,4603.8,0.05,1,4603.9,24.7242,11,4603.85,0.0999999999994543,0.21720950943113762,2.0284,9337.73046,105.7836,487059.29117,75.5251,347566.274,233.22700000000003,1073992.65922
2026-04-29T00:02:46.000414Z,2026-04-29T00:02:45.718000Z,1777420965718,GOLD,xyz:GOLD,4603.8,0.05,1,4603.9,27.9823,12,4603.85,0.0999999999994543,0.21720950943113762,2.3542,10837.51818,97.78840000000001,450230.39162999997,89.36880000000001,411276.63557000004,265.484,1222499.7894199998
2026-04-29T00:02:47.000545Z,2026-04-29T00:02:46.255000Z,1777420966255,GOLD,xyz:GOLD,4603.7,0.3258,1,4603.8,0.0858,2,4603.75,0.1000000000003638,0.21721422753269357,2.3109,10637.911610000001,96.1776,442801.81552,72.65969999999999,334364.56849,236.3563,1088328.3522299998
2026-04-29T00:02:48.001323Z,2026-04-29T00:02:47.341000Z,1777420967341,GOLD,xyz:GOLD,4603.7,0.3258,1,4603.8,29.6809,9,4603.75,0.1000000000003638,0.21721422753269357,4.0595,18686.84458,127.40610000000001,586577.8537699999,72.5191,333717.67441000004,267.17870000000005,1230269.74163
2026-04-29T00:02:49.001033Z,2026-04-29T00:02:48.376000Z,1777420968376,GOLD,xyz:GOLD,4603.7,1.55,3,4603.8,28.8431,7,4603.75,0.1000000000003638,0.21721422753269357,4.0449,18620.68446,70.2014,323200.30011,62.37129999999999,287036.68413,187.9539000000001,865435.2764900002
2026-04-29T00:02:50.000323Z,2026-04-29T00:02:49.474000Z,1777420969474,GOLD,xyz:GOLD,4603.7,2.7402,4,4603.8,28.8431,7,4603.75,0.1000000000003638,0.21721422753269357,5.2351,24100.0082,118.9365,547593.1462000001,115.55160000000001,531762.31617,263.7187,1214353.9322600001
2026-04-29T00:02:51.000639Z,2026-04-29T00:02:50.565000Z,1777420970565,GOLD,xyz:GOLD,4603.7,2.7402,4,4603.8,6.3125,5,4603.75,0.1000000000003638,0.21721422753269357,5.2351,24100.0082,63.7902,293694.30241,70.8507,326062.55145999993,239.35780000000005,1102166.4800200001
2026-04-29T00:02:52.001037Z,2026-04-29T00:02:51.644000Z,1777420971644,GOLD,xyz:GOLD,4603.7,2.7402,4,4603.8,6.3125,5,4603.75,0.1000000000003638,0.21721422753269357,5.2351,24100.0082,63.7902,293694.30241,104.83160000000002,482449.65732,240.29170000000008,1106467.4565700002
2026-04-29T00:02:53.000900Z,2026-04-29T00:02:52.703000Z,1777420972703,GOLD,xyz:GOLD,4603.7,0.3258,1,4603.8,5.3125,5,4603.75,0.1000000000003638,0.21721422753269357,2.8207000000000004,12984.834920000001,77.982,359028.32243999996,131.21710000000002,603834.9581600002,225.0145000000001,1036087.0432500002
2026-04-29T00:02:54.613784Z,2026-04-29T00:02:54.349000Z,1777420974349,GOLD,xyz:GOLD,4603.7,1.3258,2,4603.8,5.3125,5,4603.75,0.1000000000003638,0.21721422753269357,3.8207,17588.534920000002,46.6712,214873.39924,101.60119999999999,467550.95671999996,193.70370000000008,891932.1200500001
2026-04-29T00:02:55.269279Z,2026-04-29T00:02:54.882000Z,1777420974882,GOLD,xyz:GOLD,4603.7,1.7767,3,4603.8,3.3721,4,4603.75,0.1000000000003638,0.21721422753269357,5.2716,24268.12999,61.71340000000001,284133.21693,119.50760000000001,549976.4492800001,206.4703000000001,950740.6660500001
2026-04-29T00:02:56.088546Z,2026-04-29T00:02:55.435000Z,1777420975435,GOLD,xyz:GOLD,4603.7,1.7767,3,4603.8,5.2721,5,4603.75,0.1000000000003638,0.21721422753269357,5.2716,24268.12999,78.8052,362818.25695999997,108.7775,500602.85604,225.18610000000007,1036876.2294499999
2026-04-29T00:02:57.000782Z,2026-04-29T00:02:56.516000Z,1777420976516,GOLD,xyz:GOLD,4603.7,0.5865,2,4603.8,5.2721,5,4603.75,0.1000000000003638,0.21721422753269357,4.0813999999999995,18788.80625,80.1101,368826.01656,110.9195,510446.78586000006,227.14260000000007,1045884.7373700003
2026-04-29T00:02:58.000997Z,2026-04-29T00:02:57.607000Z,1777420977607,GOLD,xyz:GOLD,4603.7,1.5865,3,4603.8,5.2721,5,4603.75,0.1000000000003638,0.21721422753269357,5.0150999999999994,23086.91409,80.1101,368826.01656,120.59219999999999,554965.43411,227.14260000000007,1045884.7373700003
2026-04-29T00:02:59.001476Z,2026-04-29T00:02:58.744000Z,1777420978744,GOLD,xyz:GOLD,4603.7,1.3258,2,4603.8,5.2721,5,4603.75,0.1000000000003638,0.21721422753269357,4.7544,21886.7295,80.1101,368826.01656,118.55140000000002,545573.06709,227.14260000000007,1045884.7373700003
2026-04-29T00:03:00.000222Z,2026-04-29T00:02:59.296000Z,1777420979296,GOLD,xyz:GOLD,4603.7,1.3258,2,4603.8,5.2721,5,4603.75,0.1000000000003638,0.21721422753269357,4.7544,21886.7295,80.1101,368826.01656,118.09140000000002,543455.96309,227.14260000000007,1045884.7373700003
2026-04-29T00:03:01.000737Z,2026-04-29T00:03:00.352000Z,1777420980352,GOLD,xyz:GOLD,4603.7,0.3258,1,4603.8,5.2721,5,4603.75,0.1000000000003638,0.21721422753269357,3.7544,17283.0295,80.1101,368826.01656,111.1242,511385.74629,227.14260000000007,1045884.7373700003
2026-04-29T00:03:02.001249Z,2026-04-29T00:03:01.423000Z,1777420981423,GOLD,xyz:GOLD,4603.4,1.0318,1,4603.5,0.0429,1,4603.45,0.1000000000003638,0.21722838306132097,5.3067,24426.21535,79.1915,364579.3566,110.8794,510204.46297,210.46080000000003,969052.58596
2026-04-29T00:03:03.000395Z,2026-04-29T00:03:02.518000Z,1777420982518,GOLD,xyz:GOLD,4603.4,1.0318,1,4603.5,37.5722,9,4603.45,0.1000000000003638,0.21722838306132097,5.3067,24426.21535,109.5784,504464.57441,127.3398,585946.4625499999,242.93200000000002,1118527.12892
2026-04-29T00:03:04.411281Z,2026-04-29T00:03:04.140000Z,1777420984140,GOLD,xyz:GOLD,4603.4,1.249,2,4603.5,4.9136,5,4603.45,0.1000000000003638,0.21722838306132097,7.3913,34021.52929,76.9198,354120.70931,132.31000000000003,608814.59638,208.9685,962174.72128
2026-04-29T00:03:05.369129Z,2026-04-29T00:03:04.698000Z,1777420984698,GOLD,xyz:GOLD,4603.4,1.249,2,4603.5,4.9136,5,4603.45,0.1000000000003638,0.21722838306132097,5.2187,24021.48601,76.9198,354120.70931,130.66879999999998,601260.8719299999,209.62010000000004,965175.2741200001
2026-04-29T00:03:06.000727Z,2026-04-29T00:03:05.224000Z,1777420985224,GOLD,xyz:GOLD,4603.4,1.249,2,4603.5,37.5293,8,4603.45,0.1000000000003638,0.21722838306132097,4.285,19723.66491,109.5355,504267.08426,124.07539999999999,570914.1052000001,242.23580000000004,1115321.6490700003
2026-04-29T00:03:07.001083Z,2026-04-29T00:03:06.317000Z,1777420986317,GOLD,xyz:GOLD,4602.4,2.3157,2,4602.6,0.3951,1,4602.5,0.2000000000007276,0.43454644215258575,7.8637999999999995,36191.34005,2.4995000000000003,11504.783650000001,134.9863,621066.6288999999,196.92189999999997,906586.2699900001
2026-04-29T00:03:08.001561Z,2026-04-29T00:03:07.392000Z,1777420987392,GOLD,xyz:GOLD,4602.4,8.7369,9,4602.5,13.8973,2,4602.45,0.1000000000003638,0.2172755814845654,13.469200000000003,61989.64724,51.7332,238120.36420000004,146.33750000000003,673299.8953199999,260.4812,1199198.64834
2026-04-29T00:03:09.001273Z,2026-04-29T00:03:08.450000Z,1777420988450,GOLD,xyz:GOLD,4602.4,11.3662,11,4602.5,13.0341,1,4602.45,0.1000000000003638,0.2172755814845654,29.1139,133990.21144,47.6112,219147.88156,164.692,757800.2216699999,259.1908,1193279.39252
2026-04-29T00:03:10.000454Z,2026-04-29T00:03:09.513000Z,1777420989513,GOLD,xyz:GOLD,4602.7,8.4801,11,4602.8,13.8914,2,4602.75,0.1000000000003638,0.2172614198041688,30.4827,140293.47276,51.7325,238136.33919000003,154.13039999999998,709216.65113,244.8758,1127439.75414
2026-04-29T00:03:11.000528Z,2026-04-29T00:03:10.585000Z,1777420990585,GOLD,xyz:GOLD,4602.7,11.3699,14,4602.8,14.7568,3,4602.75,0.1000000000003638,0.2172614198041688,17.990599999999997,82803.40388,35.44239999999999,163141.56496,168.2181,774050.6167100001,248.80930000000006,1145517.46464
2026-04-29T00:03:12.001760Z,2026-04-29T00:03:11.665000Z,1777420991665,GOLD,xyz:GOLD,4602.7,11.3699,14,4602.8,13.8995,2,4602.75,0.1000000000003638,0.2172614198041688,17.990599999999997,82803.40388,36.5286,168141.98944,150.3707,691945.9434100001,275.7368,1269521.5699099998
2026-04-29T00:03:13.000874Z,2026-04-29T00:03:12.731000Z,1777420992731,GOLD,xyz:GOLD,4602.7,11.3916,15,4602.8,13.0341,1,4602.75,0.1000000000003638,0.2172614198041688,31.210899999999995,143648.32803,35.6632,164158.72632,149.17469999999997,686448.4998300001,261.1399,1202304.9229400002
2026-04-29T00:03:14.000818Z,2026-04-29T00:03:13.859000Z,1777420993859,GOLD,xyz:GOLD,4602.7,11.3916,15,4602.8,13.0341,1,4602.75,0.1000000000003638,0.2172614198041688,31.183799999999998,143523.97105,35.6632,164158.72632,150.45169999999996,692332.4476200001,261.13289999999995,1202272.43618
2026-04-29T00:03:15.092056Z,2026-04-29T00:03:14.411000Z,1777420994411,GOLD,xyz:GOLD,4602.7,11.3916,15,4602.8,13.0341,1,4602.75,0.1000000000003638,0.2172614198041688,31.183799999999998,143523.97105,35.6632,164158.72632,150.45169999999996,692332.4476200001,261.7848,1205274.1749200001
2026-04-29T00:03:16.001213Z,2026-04-29T00:03:15.488000Z,1777420995488,GOLD,xyz:GOLD,4602.7,11.3916,15,4602.8,13.0341,1,4602.75,0.1000000000003638,0.2172614198041688,31.183799999999998,143523.97105,35.6632,164158.72632,168.35609999999997,774702.1323400001,261.9868,1206203.6348
2026-04-29T00:03:17.000356Z,2026-04-29T00:03:17.646000Z,1777420997646,GOLD,xyz:GOLD,4603.1,17.8928,15,4603.2,14.8616,3,4603.15,0.0999999999994543,0.21724254043308236,33.83369999999999,155735.0995,33.5425,154410.24318,155.46039999999996,715438.78948,237.27040000000002,1092482.5936300003
2026-04-29T00:03:18.699678Z,2026-04-29T00:03:18.700000Z,1777420998700,GOLD,xyz:GOLD,4603.3,11.7644,15,4603.4,1.0863,1,4603.35,0.0999999999994543,0.21723310197889428,18.8613,86822.85931000001,40.232099999999996,185220.54653999998,122.55700000000002,564014.62721,250.13529999999997,1151787.6686600002
2026-04-29T00:03:20.173792Z,2026-04-29T00:03:19.771000Z,1777420999771,GOLD,xyz:GOLD,4603.6,1.7081,2,4603.7,1.0862,1,4603.65,0.0999999999994543,0.21721894583527052,30.8268,141905.7134,39.5516,182099.27044999995,100.88770000000001,464337.97862,231.65499999999997,1066802.4124099999
2026-04-29T00:03:20.676319Z,2026-04-29T00:03:20.320000Z,1777421000320,GOLD,xyz:GOLD,4603.6,13.6195,13,4603.7,1.0862,1,4603.65,0.0999999999994543,0.21721894583527052,36.6475,168702.86981,39.5516,182099.27044999995,123.9274,570360.44787,263.8979,1215281.45161
2026-04-29T00:03:21.276899Z,2026-04-29T00:03:20.854000Z,1777421000854,GOLD,xyz:GOLD,4603.6,13.8367,14,4603.7,1.0862,1,4603.65,0.0999999999994543,0.21721894583527052,36.3647,167401.07173000003,39.5516,182099.27044999995,138.60119999999998,637926.0153399998,265.20279999999997,1221291.1685600001
2026-04-29T00:03:22.001348Z,2026-04-29T00:03:21.405000Z,1777421001405,GOLD,xyz:GOLD,4603.6,13.8367,14,4603.7,1.0862,1,4603.65,0.0999999999994543,0.21721894583527052,37.168800000000005,171102.66567000002,53.8544,247958.02901999996,164.2995,756178.1225599998,285.3437,1314065.85818
2026-04-29T00:03:23.000994Z,2026-04-29T00:03:22.480000Z,1777421002480,GOLD,xyz:GOLD,4603.8,3.9769,5,4603.9,14.1591,3,4603.85,0.0999999999994543,0.21720950943113762,24.0895,110899.33560000002,50.9936,234790.53083,120.11080000000001,552809.3628,224.8921,1035681.1813900002
2026-04-29T00:03:24.001002Z,2026-04-29T00:03:24.088000Z,1777421004088,GOLD,xyz:GOLD,4603.8,14.0033,16,4603.9,14.1174,2,4603.85,0.0999999999994543,0.21720950943113762,31.2493,143862.78711999996,50.9519,234598.54820000002,165.29919999999998,760825.27064,261.8178,1205733.2511099998
2026-04-29T00:03:25.034661Z,2026-04-29T00:03:24.601000Z,1777421004601,GOLD,xyz:GOLD,4603.8,14.0033,16,4603.9,14.1174,2,4603.85,0.0999999999994543,0.21720950943113762,31.720100000000002,146030.02075999998,50.9519,234598.54820000002,164.9647,759290.0941600001,261.8178,1205733.2511099998
2026-04-29T00:03:26.001027Z,2026-04-29T00:03:25.682000Z,1777421005682,GOLD,xyz:GOLD,4603.8,14.0033,16,4603.9,14.1174,2,4603.85,0.0999999999994543,0.21720950943113762,32.866800000000005,151308.62486999997,51.245799999999996,235950.8628,158.45260000000002,729322.0097500001,284.86019999999996,1311872.05339
2026-04-29T00:03:27.001068Z,2026-04-29T00:03:26.773000Z,1777421006773,GOLD,xyz:GOLD,4603.8,15.811,16,4603.9,14.1174,2,4603.85,0.0999999999994543,0.21720950943113762,33.056999999999995,152185.07637999998,51.2456,235950.91921999998,122.12680000000002,562122.51536,245.19370000000004,1129200.38844
2026-04-29T00:03:28.000314Z,2026-04-29T00:03:27.855000Z,1777421007855,GOLD,xyz:GOLD,4603.8,13.8576,16,4603.9,13.0314,1,4603.85,0.0999999999994543,0.21720950943113762,31.1036,143192.01346,46.901999999999994,215951.13886,159.52530000000002,734272.35864,275.4174,1268408.9807600002
2026-04-29T00:03:29.000327Z,2026-04-29T00:03:28.416000Z,1777421008416,GOLD,xyz:GOLD,4604.0,0.2494,1,4604.2,2.7677,2,4604.1,0.1999999999998181,0.4343954301596796,18.8443,86754.54697,37.669599999999996,173449.63465,111.71000000000002,514168.3370799999,214.10160000000002,986039.18683
2026-04-29T00:03:30.001136Z,2026-04-29T00:03:29.525000Z,1777421009525,GOLD,xyz:GOLD,4604.2,21.1649,17,4604.3,13.0305,1,4604.25,0.1000000000003638,0.21719063908424563,72.6645,334531.14052,47.3215,217899.75670000003,198.28959999999995,912731.7331900002,231.7199,1067232.3262200002
2026-04-29T00:03:31.151790Z,2026-04-29T00:03:30.606000Z,1777421010606,GOLD,xyz:GOLD,4604.2,21.1649,17,4604.3,13.0305,1,4604.25,0.1000000000003638,0.21719063908424563,28.2391,130016.10486999998,46.4647,213954.1927,138.23179999999996,636281.0522299998,225.30129999999997,1037669.5929500001
2026-04-29T00:03:32.000363Z,2026-04-29T00:03:31.132000Z,1777421011132,GOLD,xyz:GOLD,4604.2,32.7483,17,4604.3,13.0305,1,4604.25,0.1000000000003638,0.21719063908424563,39.8225,183348.39515000005,45.6542,210221.84020000004,176.04319999999998,810361.8693700002,224.95739999999995,1036086.1339700002
2026-04-29T00:03:33.000616Z,2026-04-29T00:03:32.186000Z,1777421012186,GOLD,xyz:GOLD,4604.5,3.7977,7,4604.6,1.0859,1,4604.55,0.1000000000003638,0.21717648847414794,30.5652,140729.70897,17.6326,81201.97945,146.47630000000004,674307.8331100001,164.757,758896.13882
2026-04-29T00:03:34.001886Z,2026-04-29T00:03:33.818000Z,1777421013818,GOLD,xyz:GOLD,4605.2,2.2702,4,4605.3,2.2469,2,4605.25,0.1000000000003638,0.21714347755358296,41.1356,189426.39372,21.9217,100963.45873000001,147.0143,676833.39265,177.36509999999998,817058.6193
2026-04-29T00:03:35.084411Z,2026-04-29T00:03:34.916000Z,1777421014916,GOLD,xyz:GOLD,4605.2,23.5086,15,4605.3,2.2469,2,4605.25,0.1000000000003638,0.21714347755358296,40.620400000000004,187061.13725,22.4287,103298.59933000001,165.50799999999998,761992.0260500001,177.3601,817035.8697500001
2026-04-29T00:03:36.000931Z,2026-04-29T00:03:35.456000Z,1777421015456,GOLD,xyz:GOLD,4605.2,21.5558,15,4605.3,2.2469,2,4605.25,0.1000000000003638,0.21714347755358296,39.01440000000001,179664.77145,22.4287,103298.59933000001,163.90279999999998,754595.7239400002,177.3601,817035.8697500001
2026-04-29T00:03:37.001039Z,2026-04-29T00:03:36.531000Z,1777421016531,GOLD,xyz:GOLD,4605.2,21.5558,15,4605.3,2.1947,2,4605.25,0.1000000000003638,0.21714347755358296,38.67900000000001,178120.59627,22.376499999999997,103058.20267000001,163.5665,753051.5675900001,177.30790000000002,816795.47309
2026-04-29T00:03:38.000453Z,2026-04-29T00:03:37.607000Z,1777421017607,GOLD,xyz:GOLD,4605.2,21.5558,15,4605.3,1.1612,1,4605.25,0.1000000000003638,0.21714347755358296,70.82610000000001,326145.08607,21.343,98298.62512000001,183.5074,844894.27661,207.36800000000002,955280.5444100002
2026-04-29T00:03:39.000563Z,2026-04-29T00:03:39.222000Z,1777421019222,GOLD,xyz:GOLD,4605.2,20.1084,14,4605.6,13.8344,2,4605.4,0.4000000000005457,0.8685456203598944,71.37010000000001,328652.97213999997,34.8117,160336.38176000002,181.511,835713.7960099999,237.13350000000003,1092432.2543200003
2026-04-29T00:03:40.092541Z,2026-04-29T00:03:39.748000Z,1777421019748,GOLD,xyz:GOLD,4605.5,3.7904,9,4605.6,13.8344,2,4605.55,0.1000000000003638,0.21712933308804333,37.977999999999994,174895.0255,34.8117,160336.38176000002,151.88230000000001,699288.56027,237.7848,1095432.7934200002
2026-04-29T00:03:41.000403Z,2026-04-29T00:03:40.316000Z,1777421020316,GOLD,xyz:GOLD,4605.5,8.9238,12,4605.6,14.0066,3,4605.55,0.1000000000003638,0.21712933308804333,36.7026,169022.12179999996,34.983900000000006,161129.46608,183.1079,843065.0416300001,237.95700000000002,1096225.8777400001
2026-04-29T00:03:42.000421Z,2026-04-29T00:03:41.391000Z,1777421021391,GOLD,xyz:GOLD,4605.5,11.095,13,4605.6,13.1146,3,4605.55,0.1000000000003638,0.21712933308804333,34.947,160939.70924000003,34.4159,158513.89562,131.29799999999997,604527.80106,176.0305,810951.5245699999
2026-04-29T00:03:43.001045Z,2026-04-29T00:03:42.438000Z,1777421022438,GOLD,xyz:GOLD,4605.5,11.095,13,4605.6,13.1146,3,4605.55,0.1000000000003638,0.21712933308804333,33.6545,154987.75542,37.672399999999996,173513.66027,151.6992,698489.89801,211.96779999999998,976508.5057999999
2026-04-29T00:03:44.001288Z,2026-04-29T00:03:43.570000Z,1777421023570,GOLD,xyz:GOLD,4605.5,12.3036,14,4605.6,12.9209,2,4605.55,0.1000000000003638,0.21712933308804333,34.8631,160553.96272,37.478699999999996,172621.55555,155.14790000000002,714369.98154,211.12279999999998,972622.38512
2026-04-29T00:03:45.000634Z,2026-04-29T00:03:44.616000Z,1777421024616,GOLD,xyz:GOLD,4605.5,12.3036,14,4605.6,12.9209,2,4605.55,0.1000000000003638,0.21712933308804333,34.646,159554.15209000002,37.478699999999996,172621.55555,148.834,685307.4693700001,211.12279999999998,972622.38512
2026-04-29T00:03:46.000849Z,2026-04-29T00:03:45.707000Z,1777421025707,GOLD,xyz:GOLD,4605.5,5.5696,8,4605.6,12.9209,2,4605.55,0.1000000000003638,0.21712933308804333,15.501100000000001,71386.77259,38.3174,176483.04191000003,73.4089,337971.8290299999,195.4494,900387.06492
2026-04-29T00:03:47.000226Z,2026-04-29T00:03:46.786000Z,1777421026786,GOLD,xyz:GOLD,4605.5,8.9495,10,4605.6,12.9209,2,4605.55,0.1000000000003638,0.21712933308804333,20.453000000000003,94192.75611,35.078900000000004,161567.57976,89.7758,413332.67422,193.60980000000004,891927.3691299999
2026-04-29T00:03:48.001017Z,2026-04-29T00:03:47.329000Z,1777421027329,GOLD,xyz:GOLD,4605.5,11.1207,11,4605.6,12.9209,2,4605.55,0.1000000000003638,0.21712933308804333,34.3403,158146.16109,35.078900000000004,161567.57976,120.82310000000001,556333.5780199999,238.37890000000002,1098187.5544099999
2026-04-29T00:03:49.001332Z,2026-04-29T00:03:48.966000Z,1777421028966,GOLD,xyz:GOLD,4605.5,9.9121,10,4605.6,12.9209,2,4605.55,0.1000000000003638,0.21712933308804333,33.565900000000006,154579.09339000002,38.3355,176567.47936,116.10560000000001,534577.06269,193.17090000000002,889900.6071300001
2026-04-29T00:03:50.322201Z,2026-04-29T00:03:49.508000Z,1777421029508,GOLD,xyz:GOLD,4605.5,9.9121,10,4605.6,12.9209,2,4605.55,0.1000000000003638,0.21712933308804333,34.405899999999995,158445.63431,37.47880000000001,172621.6905,123.7876,569942.75397,224.9299,1036212.0866
2026-04-29T00:03:51.141872Z,2026-04-29T00:03:50.647000Z,1777421030647,GOLD,xyz:GOLD,4605.5,9.9121,10,4605.6,12.9209,2,4605.55,0.1000000000003638,0.21712933308804333,32.666,150432.26589,36.6672,168883.03706,148.7316,684792.3323799999,209.40540000000001,964677.11016
2026-04-29T00:03:52.001011Z,2026-04-29T00:03:51.205000Z,1777421031205,GOLD,xyz:GOLD,4605.5,9.9121,10,4605.6,12.9209,2,4605.55,0.1000000000003638,0.21712933308804333,32.666,150432.26589,36.6672,168883.03706,121.0762,557455.17177,209.40540000000001,964670.5870200001
2026-04-29T00:03:53.000695Z,2026-04-29T00:03:52.295000Z,1777421032295,GOLD,xyz:GOLD,4605.5,9.9121,10,4605.6,12.9209,2,4605.55,0.1000000000003638,0.21712933308804333,19.040300000000002,87687.15136,36.6674,168882.98122000002,145.9541,672003.9702800001,209.4056,964677.05432
2026-04-29T00:03:54.000754Z,2026-04-29T00:03:54.472000Z,1777421034472,GOLD,xyz:GOLD,4605.5,9.9121,10,4605.6,13.793,3,4605.55,0.1000000000003638,0.21712933308804333,19.2574,88686.89686000001,37.5393,172899.58082000003,151.54170000000002,697731.31845,210.2775,968687.26127
2026-04-29T00:03:55.401074Z,2026-04-29T00:03:55.007000Z,1777421035007,GOLD,xyz:GOLD,4605.5,9.9121,10,4605.6,13.793,3,4605.55,0.1000000000003638,0.21712933308804333,19.2574,88686.89686000001,37.5393,172899.58082000003,151.54170000000002,697731.31845,210.2775,968687.26127
2026-04-29T00:03:56.237464Z,2026-04-29T00:03:55.555000Z,1777421035555,GOLD,xyz:GOLD,4605.5,9.9121,10,4605.6,13.793,3,4605.55,0.1000000000003638,0.21712933308804333,19.2574,88686.89686000001,37.5393,172899.58082000003,146.57920000000001,674889.1375999999,210.2775,968687.26127
2026-04-29T00:03:57.000686Z,2026-04-29T00:03:56.644000Z,1777421036644,GOLD,xyz:GOLD,4605.5,11.1207,11,4605.6,12.9209,2,4605.55,0.1000000000003638,0.21712933308804333,32.1823,148207.96856,36.6672,168883.03706,147.2843,678146.1063200001,208.1656,958964.7186400001
2026-04-29T00:03:58.000765Z,2026-04-29T00:03:57.689000Z,1777421037689,GOLD,xyz:GOLD,4605.5,11.1207,11,4605.6,12.9209,2,4605.55,0.1000000000003638,0.21712933308804333,32.1823,148207.96856,36.6672,168883.03706,147.75370000000004,680308.0485200001,206.8607,952953.04434
2026-04-29T00:03:59.000469Z,2026-04-29T00:03:58.754000Z,1777421038754,GOLD,xyz:GOLD,4605.7,12.5454,13,4605.8,0.0612,2,4605.75,0.1000000000003638,0.21711990446803192,19.5254,89926.73411,24.617,113386.91617000001,163.3561,752154.5850199999,210.9558,971889.6660100002
2026-04-29T00:04:00.152049Z,2026-04-29T00:03:59.829000Z,1777421039829,GOLD,xyz:GOLD,4605.7,14.9337,15,4605.8,0.0024,1,4605.75,0.1000000000003638,0.21711990446803192,20.089900000000004,92526.93614,15.8645,73072.37118,164.386,756913.8138,213.6192,984185.0750799999
2026-04-29T00:04:01.001115Z,2026-04-29T00:04:00.400000Z,1777421040400,GOLD,xyz:GOLD,4606.0,3.4018,4,4606.1,1.0476,1,4606.05,0.1000000000003638,0.21710576307327056,28.3909,130762.21907999998,31.5815,145483.77771,148.0439,681736.6595999999,225.4131,1038629.18527
2026-04-29T00:04:02.000955Z,2026-04-29T00:04:01.470000Z,1777421041470,GOLD,xyz:GOLD,4606.3,8.0622,12,4606.4,0.0887,2,4606.35,0.0999999999994543,0.21709162351852182,31.629600000000003,145684.03562,37.4368,172460.34454999998,158.49040000000002,729857.0732400002,275.8217,1270904.9985899997
2026-04-29T00:04:03.001334Z,2026-04-29T00:04:02.549000Z,1777421042549,GOLD,xyz:GOLD,4606.8,1.4469,1,4606.9,6.3359,4,4606.85,0.0999999999994543,0.21706806168955858,12.7687,58819.79054,22.174299999999995,102159.88326999999,86.63390000000001,399018.1837800001,162.23939999999993,747632.1254399999
2026-04-29T00:04:04.001041Z,2026-04-29T00:04:03.633000Z,1777421043633,GOLD,xyz:GOLD,4607.4,0.8175,1,4607.5,13.0344,2,4607.45,0.1000000000003638,0.21703979424706465,14.255700000000001,65677.99541999999,46.8435,215845.41214,95.07110000000002,437910.55598000006,220.1851,1014761.5230800001
2026-04-29T00:04:05.232391Z,2026-04-29T00:04:04.707000Z,1777421044707,GOLD,xyz:GOLD,4607.4,4.3792,3,4607.5,15.3198,5,4607.45,0.1000000000003638,0.21703979424706465,17.9815,82844.06503,58.4673,269409.5842,127.14450000000001,585657.72,266.4961,1228183.7269899999
2026-04-29T00:04:06.023713Z,2026-04-29T00:04:05.781000Z,1777421045781,GOLD,xyz:GOLD,4607.4,7.6951,7,4607.5,0.3528,2,4607.45,0.1000000000003638,0.21703979424706465,30.8216,142002.08426,43.516000000000005,200521.61367999998,156.5514,721132.4528800002,252.4,1163241.46835
2026-04-29T00:04:07.001086Z,2026-04-29T00:04:06.318000Z,1777421046318,GOLD,xyz:GOLD,4607.4,26.9229,13,4607.5,0.3126,2,4607.45,0.1000000000003638,0.21703979424706465,37.004599999999996,170493.54973,42.390100000000004,195333.70372,196.68239999999997,905967.4872800001,233.05980000000002,1074118.93145
2026-04-29T00:04:08.001200Z,2026-04-29T00:04:07.415000Z,1777421047415,GOLD,xyz:GOLD,4607.4,10.3098,9,4607.5,1.1522,3,4607.45,0.1000000000003638,0.21703979424706465,13.2812,61191.06759999999,44.0977,203201.7745,75.5014,347774.96846999996,201.33030000000005,927881.8390599999
2026-04-29T00:04:09.001247Z,2026-04-29T00:04:08.993000Z,1777421048993,GOLD,xyz:GOLD,4607.4,24.9803,13,4607.5,0.009,1,4607.45,0.1000000000003638,0.21703979424706465,35.865,165241.92435999998,41.4804,191142.67982,140.92919999999998,649149.1714599998,221.68280000000004,1021709.7543599999
2026-04-29T00:04:10.310630Z,2026-04-29T00:04:10.101000Z,1777421050101,GOLD,xyz:GOLD,4607.4,24.3245,12,4607.5,0.2856,2,4607.45,0.1000000000003638,0.21703979424706465,35.2092,162220.39143999998,31.0922,143271.52726,162.8634,750217.0229600001,199.67990000000003,920280.23158
2026-04-29T00:04:11.129079Z,2026-04-29T00:04:10.637000Z,1777421050637,GOLD,xyz:GOLD,4607.4,9.9144,9,4607.5,1.142,3,4607.45,0.1000000000003638,0.21703979424706465,33.0617,152322.40838,35.2038,162217.02633999998,130.89479999999998,602917.55036,200.29029999999997,923090.84312
2026-04-29T00:04:12.112472Z,2026-04-29T00:04:11.705000Z,1777421051705,GOLD,xyz:GOLD,4607.4,8.7058,8,4607.5,1.142,3,4607.45,0.1000000000003638,0.21703979424706465,31.853099999999998,146753.90474,36.2889,167216.95012,149.77919999999997,689899.33283,237.79609999999997,1095938.16942
2026-04-29T00:04:13.001196Z,2026-04-29T00:04:12.781000Z,1777421052781,GOLD,xyz:GOLD,4607.4,3.0422,4,4607.5,7.1731,6,4607.45,0.1000000000003638,0.21703979424706465,7.7702,35798.12491,55.384100000000004,255203.30976,95.2315,438606.48921,222.58870000000002,1025828.5195499999
2026-04-29T00:04:14.080463Z,2026-04-29T00:04:13.305000Z,1777421053305,GOLD,xyz:GOLD,4607.4,3.0422,4,4607.5,6.1566,5,4607.45,0.1000000000003638,0.21703979424706465,9.2291,42518.670060000004,26.3639,121478.19802,86.4612,398212.93149999995,213.3444,983220.95646
2026-04-29T00:04:15.000213Z,2026-04-29T00:04:14.392000Z,1777421054392,GOLD,xyz:GOLD,4607.4,3.0422,4,4607.5,7.1731,6,4607.45,0.1000000000003638,0.21703979424706465,19.3777,89270.13532999999,74.9773,345493.33918,131.4162,605278.3551500001,263.0288,1212196.2407099998
2026-04-29T00:04:16.001072Z,2026-04-29T00:04:15.451000Z,1777421055451,GOLD,xyz:GOLD,4607.4,5.1447,6,4607.5,0.009,1,4607.45,0.1000000000003638,0.21703979424706465,9.3724,43180.842690000005,42.3785,195280.22957,88.86540000000002,409309.36415,219.252,1010497.1459699998
2026-04-29T00:04:17.000890Z,2026-04-29T00:04:16.484000Z,1777421056484,GOLD,xyz:GOLD,4607.4,5.1447,6,4607.5,0.009,1,4607.45,0.1000000000003638,0.21703979424706465,20.8771,96184.60158,42.3785,195280.22957,137.7633,634560.50694,254.27370000000002,1171906.98079
2026-04-29T00:04:18.000642Z,2026-04-29T00:04:17.555000Z,1777421057555,GOLD,xyz:GOLD,4607.4,26.2823,12,4607.5,0.009,1,4607.45,0.1000000000003638,0.21703979424706465,30.1158,138754.56732999996,38.787,178730.23842,143.7878,662338.4752499999,192.38950000000003,886679.38778
2026-04-29T00:04:19.000332Z,2026-04-29T00:04:19.192000Z,1777421059192,GOLD,xyz:GOLD,4607.4,24.3305,12,4607.5,0.009,1,4607.45,0.1000000000003638,0.21703979424706465,28.2788,130290.80756999999,32.1952,148354.88222,163.44129999999996,752887.27758,183.33859999999999,844970.32584
2026-04-29T00:04:20.305340Z,2026-04-29T00:04:19.746000Z,1777421059746,GOLD,xyz:GOLD,4607.4,24.3305,12,4607.5,0.009,1,4607.45,0.1000000000003638,0.21703979424706465,27.0722,124731.80035999998,37.9153,174722.90743999998,145.4078,669814.0552899999,214.71879999999996,989658.3309299998
2026-04-29T00:04:21.289111Z,2026-04-29T00:04:21.329000Z,1777421061329,GOLD,xyz:GOLD,4607.4,1.9922,2,4607.5,56.0775,6,4607.45,0.1000000000003638,0.21703979424706465,20.7784,95717.91791999999,96.45460000000001,444427.35972,94.9947,437512.08719999995,242.97349999999997,1119718.72334
2026-04-29T00:04:22.271526Z,2026-04-29T00:04:21.860000Z,1777421061860,GOLD,xyz:GOLD,4607.2,0.0353,2,4607.3,0.0907,1,4607.25,0.1000000000003638,0.21704921591049714,1.31,6034.59687,113.88320000000002,524719.32379,50.4724,232456.26578999998,252.41960000000006,1163146.0640100006
2026-04-29T00:04:23.089790Z,2026-04-29T00:04:22.402000Z,1777421062402,GOLD,xyz:GOLD,4607.2,0.0353,2,4607.3,10.0092,10,4607.25,0.1000000000003638,0.21704921591049714,2.6902,12392.42922,115.94239999999999,534205.9487599999,69.3509,319391.46243,271.85280000000006,1252699.27342
2026-04-29T00:04:24.001705Z,2026-04-29T00:04:23.489000Z,1777421063489,GOLD,xyz:GOLD,4606.9,0.05,1,4607.0,63.0174,12,4606.95,0.1000000000003638,0.2170633499394693,3.2315,14886.04781,120.18930000000002,553739.7677699999,55.503600000000006,255617.63463999997,281.28440000000006,1296110.8142500005
2026-04-29T00:04:25.057357Z,2026-04-29T00:04:24.545000Z,1777421064545,GOLD,xyz:GOLD,4606.9,0.05,1,4607.0,63.8739,13,4606.95,0.1000000000003638,0.2170633499394693,3.2315,14886.264869999999,119.9622,552687.65831,109.26589999999999,503174.50259,282.1007,1299868.8158700003
2026-04-29T00:04:26.000956Z,2026-04-29T00:04:25.629000Z,1777421065629,GOLD,xyz:GOLD,4606.7,1.7674,2,4606.8,1.1752,4,4606.75,0.1000000000003638,0.217072773648155,3.3573,15465.32863,83.54860000000001,384909.96241,111.9991,515730.27017,273.88149999999996,1261965.29456
2026-04-29T00:04:27.000516Z,2026-04-29T00:04:26.706000Z,1777421066706,GOLD,xyz:GOLD,4606.7,0.1379,1,4606.8,58.8734,8,4606.75,0.1000000000003638,0.217072773648155,1.3075999999999999,6023.15138,99.9604,460508.36678999994,91.9169,423260.97293,271.27559999999994,1249933.5178
2026-04-29T00:04:28.000813Z,2026-04-29T00:04:27.789000Z,1777421067789,GOLD,xyz:GOLD,4606.7,3.0122,3,4606.8,24.6006,4,4606.75,0.1000000000003638,0.217072773648155,6.0999,28099.28079,99.3381,457648.21742999996,114.4219,526908.10327,270.66759999999994,1247146.7229500003
2026-04-29T00:04:29.000777Z,2026-04-29T00:04:28.874000Z,1777421068874,GOLD,xyz:GOLD,4606.7,2.3086,2,4606.8,57.2163,6,4606.75,0.1000000000003638,0.217072773648155,3.4783000000000004,16022.91507,99.3381,457641.69428999996,118.82849999999999,547184.2222100002,271.31879999999995,1250142.3616300002
2026-04-29T00:04:30.463215Z,2026-04-29T00:04:30.078000Z,1777421070078,GOLD,xyz:GOLD,4606.7,2.3086,2,4606.8,22.7006,3,4606.75,0.1000000000003638,0.217072773648155,4.4783,20629.51507,64.8224,298634.76753,96.78489999999998,445685.34502,236.80310000000003,1091135.4348700002
2026-04-29T00:04:31.285300Z,2026-04-29T00:04:30.559000Z,1777421070559,GOLD,xyz:GOLD,4606.7,4.4931,4,4606.8,0.1723,1,4606.75,0.1000000000003638,0.217072773648155,7.1732000000000005,33043.796220000004,40.9892,188839.85128,82.94899999999998,381993.3452500001,232.1355,1069646.4780400004
2026-04-29T00:04:32.103083Z,2026-04-29T00:04:31.640000Z,1777421071640,GOLD,xyz:GOLD,4606.7,7.5603,7,4606.8,0.8143,1,4606.75,0.1000000000003638,0.217072773648155,25.5517,117702.32983999999,90.3379,416208.3517400001,134.4599,619244.49777,262.0562,1207508.8069700003
2026-04-29T00:04:33.084438Z,2026-04-29T00:04:32.676000Z,1777421072676,GOLD,xyz:GOLD,4606.9,7.3091,9,4607.0,17.3746,2,4606.95,0.1000000000003638,0.2170633499394693,38.7341,178440.60828000001,49.1858,226617.01441,152.8096,703830.4767499999,207.4754,956100.3265799999
2026-04-29T00:04:34.000976Z,2026-04-29T00:04:33.752000Z,1777421073752,GOLD,xyz:GOLD,4606.9,12.1335,12,4607.0,17.6073,3,4606.95,0.1000000000003638,0.2170633499394693,15.2271,70149.03008,34.7923,160294.50415,57.03309999999999,262685.52356999996,194.5995,896755.31934
2026-04-29T00:04:35.052150Z,2026-04-29T00:04:34.827000Z,1777421074827,GOLD,xyz:GOLD,4606.9,7.3059,9,4607.0,20.8632,4,4606.95,0.1000000000003638,0.2170633499394693,23.4239,107906.96067999999,55.7741,256970.39046999998,91.1041,419609.35896,213.42000000000002,983485.9301399998
2026-04-29T00:04:36.000896Z,2026-04-29T00:04:35.375000Z,1777421075375,GOLD,xyz:GOLD,4606.9,9.4765,10,4607.0,17.3746,2,4606.95,0.1000000000003638,0.2170633499394693,25.5945,117906.69782,38.900400000000005,179222.58272,133.3328,614099.3442699999,244.56300000000002,1126987.7431800002
2026-04-29T00:04:37.001178Z,2026-04-29T00:04:36.455000Z,1777421076455,GOLD,xyz:GOLD,4606.9,9.4765,10,4607.0,20.8525,4,4606.95,0.1000000000003638,0.2170633499394693,25.5945,117906.69782,71.7383,330525.38073,128.0523,589765.10047,246.0901,1134018.02886
2026-04-29T00:04:38.001124Z,2026-04-29T00:04:37.522000Z,1777421077522,GOLD,xyz:GOLD,4606.9,9.4765,10,4607.0,20.8525,4,4606.95,0.1000000000003638,0.2170633499394693,25.5945,117906.69782,39.2031,180616.15295999998,128.05210000000002,589765.26507,259.1881,1194392.42298
2026-04-29T00:04:39.000341Z,2026-04-29T00:04:38.605000Z,1777421078605,GOLD,xyz:GOLD,4606.9,9.4765,10,4607.0,20.8525,4,4606.95,0.1000000000003638,0.2170633499394693,25.5945,117906.69782,39.2031,180616.15295999998,103.03190000000001,474533.86005,237.70860000000002,1095385.85001
2026-04-29T00:04:40.656953Z,2026-04-29T00:04:40.224000Z,1777421080224,GOLD,xyz:GOLD,4606.9,9.4765,10,4607.0,20.8525,4,4606.95,0.1000000000003638,0.2170633499394693,25.5945,117906.69782,48.9622,225578.60149,108.4603,499533.04222000006,205.09240000000003,945090.42294
2026-04-29T00:04:41.604534Z,2026-04-29T00:04:41.323000Z,1777421081323,GOLD,xyz:GOLD,4606.9,2.1707,1,4607.0,59.4806,9,4606.95,0.1000000000003638,0.2170633499394693,2.691,12396.983369999998,113.7471,524056.35273999994,69.5925,320488.6948100001,258.73810000000003,1192215.2946499998
2026-04-29T00:04:42.424585Z,2026-04-29T00:04:41.858000Z,1777421081858,GOLD,xyz:GOLD,4606.8,2.1706,1,4606.9,0.1816,2,4606.85,0.0999999999994543,0.21706806168955858,2.6908999999999996,12396.30562,93.92120000000001,432707.54305,102.96029999999999,474124.38500000007,260.5831,1200715.3068900001
2026-04-29T00:04:43.242788Z,2026-04-29T00:04:42.950000Z,1777421082950,GOLD,xyz:GOLD,4606.8,3.9588,3,4606.9,4.8482,6,4606.85,0.0999999999994543,0.21706806168955858,4.479099999999999,20634.185380000003,67.2794,309966.89284,104.0321,479078.12840000005,245.5385,1131381.6278400002
2026-04-29T00:04:44.000808Z,2026-04-29T00:04:43.487000Z,1777421083487,GOLD,xyz:GOLD,4606.8,3.9588,3,4606.9,4.8482,6,4606.85,0.0999999999994543,0.21706806168955858,4.479099999999999,20634.185380000003,67.2794,309966.89284,101.87180000000001,469126.8265600001,245.7556,1132382.1766100002
2026-04-29T00:04:45.373615Z,2026-04-29T00:04:45.035000Z,1777421085035,GOLD,xyz:GOLD,4606.8,2.9588,2,4606.9,6.7482,7,4606.85,0.0999999999994543,0.21706806168955858,3.4791,16027.38538,36.5637,168449.68823,101.3412,466668.66116,215.21189999999996,991657.6138899999
2026-04-29T00:04:46.191824Z,2026-04-29T00:04:45.541000Z,1777421085541,GOLD,xyz:GOLD,4606.8,4.1622,3,4606.9,4.7991,6,4606.85,0.0999999999994543,0.21706806168955858,5.585999999999999,25733.18125,67.23029999999999,309734.17091,84.76699999999998,390372.08816000004,245.90889999999996,1133082.20059
2026-04-29T00:04:47.176032Z,2026-04-29T00:04:46.615000Z,1777421086615,GOLD,xyz:GOLD,4606.8,5.0657,4,4606.9,2.0983,3,4606.85,0.0999999999994543,0.21706806168955858,6.489499999999999,29895.425049999998,51.50659999999999,237295.35509,123.23999999999998,567540.6278799999,219.9535,1013525.4307499999
2026-04-29T00:04:48.000415Z,2026-04-29T00:04:47.695000Z,1777421087695,GOLD,xyz:GOLD,4606.8,4.1622,3,4606.9,17.0678,6,4606.85,0.0999999999994543,0.21706806168955858,6.585999999999999,30339.881250000006,79.50009999999999,366263.81984,135.35869999999997,623341.9958699999,244.7527,1127752.7452999998
2026-04-29T00:04:49.000464Z,2026-04-29T00:04:48.233000Z,1777421088233,GOLD,xyz:GOLD,4606.8,5.1622,4,4606.9,17.0678,6,4606.85,0.0999999999994543,0.21706806168955858,6.585999999999999,30339.981250000004,79.5001,366267.08141000004,135.6467,624677.9725499998,244.7527,1127756.00687
2026-04-29T00:04:50.451648Z,2026-04-29T00:04:50.406000Z,1777421090406,GOLD,xyz:GOLD,4606.8,2.9588,2,4606.9,51.5835,9,4606.85,0.0999999999994543,0.21706806168955858,3.4825,16043.047480000001,81.40010000000001,375010.4067,86.1129,396540.6818700001,239.54410000000001,1103737.2099699997
2026-04-29T00:04:51.272502Z,2026-04-29T00:04:50.406000Z,1777421090406,GOLD,xyz:GOLD,4606.8,2.9588,2,4606.9,51.5835,9,4606.85,0.0999999999994543,0.21706806168955858,3.4825,16043.047480000001,81.40010000000001,375010.4067,86.1129,396540.6818700001,239.54410000000001,1103737.2099699997
2026-04-29T00:04:52.091638Z,2026-04-29T00:04:51.509000Z,1777421091509,GOLD,xyz:GOLD,4606.8,6.0657,5,4606.9,17.0678,6,4606.85,0.0999999999994543,0.21706806168955858,7.492899999999999,34517.88715,79.5001,366267.08141000004,93.8694,432294.48945999995,244.1014,1124748.2168299998
2026-04-29T00:04:53.001083Z,2026-04-29T00:04:52.583000Z,1777421092583,GOLD,xyz:GOLD,4606.8,6.0657,5,4606.9,17.0678,6,4606.85,0.0999999999994543,0.21706806168955858,7.492899999999999,34517.88715,79.5001,366267.08141000004,123.18119999999999,567284.9594299999,242.7965,1118736.02057
2026-04-29T00:04:54.001306Z,2026-04-29T00:04:53.617000Z,1777421093617,GOLD,xyz:GOLD,4606.8,6.0657,5,4606.9,14.1476,4,4606.85,0.0999999999994543,0.21706806168955858,7.492899999999999,34517.88715,69.45870000000001,320012.39165999996,132.19789999999998,608812.84165,253.41990000000004,1167731.69086
2026-04-29T00:04:56.023089Z,2026-04-29T00:04:55.225000Z,1777421095225,GOLD,xyz:GOLD,4606.9,25.3202,13,4607.0,4.4322,2,4606.95,0.1000000000003638,0.2170633499394693,32.3105,148850.09231,34.8715,160667.34765999997,167.35279999999997,770776.90841,220.00019999999998,1013807.3691799999
2026-04-29T00:04:56.678580Z,2026-04-29T00:04:56.317000Z,1777421096317,GOLD,xyz:GOLD,4606.9,25.3419,14,4607.0,4.4322,2,4606.95,0.1000000000003638,0.2170633499394693,30.3801,139957.12776,33.7864,155666.98978,168.9407,778087.6656899999,231.5537,1067069.40913
2026-04-29T00:04:57.497748Z,2026-04-29T00:04:57.405000Z,1777421097405,GOLD,xyz:GOLD,4606.9,34.9467,16,4607.0,0.0805,1,4606.95,0.1000000000003638,0.2170633499394693,48.9346,225432.84636,34.7204,159990.30098,157.69510000000005,726303.3070900001,187.67910000000003,864977.6210000002
2026-04-29T00:04:58.482166Z,2026-04-29T00:04:57.936000Z,1777421097936,GOLD,xyz:GOLD,4606.9,34.9467,16,4607.0,0.0805,1,4606.95,0.1000000000003638,0.2170633499394693,47.775200000000005,220091.72244,34.7204,159990.30098,174.5647,804033.68927,218.82230000000004,1008506.3363100002
2026-04-29T00:04:59.135544Z,2026-04-29T00:04:58.463000Z,1777421098463,GOLD,xyz:GOLD,4606.9,34.9467,16,4607.0,0.0805,1,4606.95,0.1000000000003638,0.2170633499394693,47.267300000000006,217751.93379,36.891000000000005,169992.20872,174.7519,804892.78056,220.99290000000005,1018508.2440500001
2026-04-29T00:05:00.447150Z,2026-04-29T00:05:00.102000Z,1777421100102,GOLD,xyz:GOLD,4606.9,37.0341,18,4607.0,0.0805,1,4606.95,0.1000000000003638,0.2170633499394693,81.2244,374176.00101999997,32.5505,149991.31615,163.89499999999998,754919.3599299999,259.56370000000004,1196327.04149
2026-04-29T00:05:01.593156Z,2026-04-29T00:05:01.196000Z,1777421101196,GOLD,xyz:GOLD,4607.4,1.6956,2,4607.5,0.009,1,4607.45,0.1000000000003638,0.21703979424706465,8.5723,39494.23194,30.5491,140776.78879000002,172.96639999999994,796768.6209099999,212.80010000000001,980870.0105799999
2026-04-29T00:05:02.251339Z,2026-04-29T00:05:01.735000Z,1777421101735,GOLD,xyz:GOLD,4607.4,29.7459,17,4607.5,0.009,1,4607.45,0.1000000000003638,0.21703979424706465,44.6104,205531.61563,31.6342,145777.25512,128.1174,590170.34945,246.2269,1134936.9626200001
2026-04-29T00:05:03.230919Z,2026-04-29T00:05:02.824000Z,1777421102824,GOLD,xyz:GOLD,4607.4,29.9629,18,4607.5,0.009,1,4607.45,0.1000000000003638,0.21703979424706465,42.03750000000001,193678.18313999998,32.719300000000004,150777.50443,143.62940000000003,661634.22159,219.69770000000003,1012656.2061000001
2026-04-29T00:05:04.001029Z,2026-04-29T00:05:03.916000Z,1777421103916,GOLD,xyz:GOLD,4607.4,28.0112,18,4607.5,0.009,1,4607.45,0.1000000000003638,0.21703979424706465,49.7988,229434.69374000002,32.719300000000004,150777.50443,168.82559999999998,777718.92549,249.05190000000002,1147956.23704
2026-04-29T00:05:05.525492Z,2026-04-29T00:05:05.010000Z,1777421105010,GOLD,xyz:GOLD,4607.4,26.5644,17,4607.5,0.009,1,4607.45,0.1000000000003638,0.21703979424706465,48.352000000000004,222768.70742,32.719300000000004,150777.50443,171.7027,790965.68731,219.69770000000003,1012656.2061000001
2026-04-29T00:05:06.531950Z,2026-04-29T00:05:06.104000Z,1777421106104,GOLD,xyz:GOLD,4607.4,26.5644,17,4607.5,0.009,1,4607.45,0.1000000000003638,0.21703979424706465,35.659000000000006,164291.24986,38.687,178268.95234000002,122.12590000000003,562560.3301999999,264.031,1216938.8680399999
2026-04-29T00:05:07.308136Z,2026-04-29T00:05:07.199000Z,1777421107199,GOLD,xyz:GOLD,4607.4,26.5644,17,4607.5,0.1643,2,4607.45,0.1000000000003638,0.21703979424706465,35.659000000000006,164291.24986,50.7378,233801.2275,122.0147,562036.6746999999,166.0751,765394.0054200002
2026-04-29T00:05:08.146872Z,2026-04-29T00:05:07.743000Z,1777421107743,GOLD,xyz:GOLD,4607.4,12.1407,14,4607.5,0.1643,2,4607.45,0.1000000000003638,0.21703979424706465,34.257999999999996,157833.67792,50.738,233801.17253,120.41189999999999,554642.19476,205.14300000000006,945440.6736399999
2026-04-29T00:05:09.000649Z,2026-04-29T00:05:08.292000Z,1777421108292,GOLD,xyz:GOLD,4607.4,13.5442,16,4607.5,0.009,1,4607.45,0.1000000000003638,0.21703979424706465,35.661500000000004,164300.16382,53.837799999999994,248085.45408999998,138.82170000000002,639449.5048899999,205.05320000000003,945025.41672
2026-04-29T00:05:10.342062Z,2026-04-29T00:05:09.853000Z,1777421109853,GOLD,xyz:GOLD,4607.4,26.5655,17,4607.5,0.1537,2,4607.45,0.1000000000003638,0.21703979424706465,35.6668,164327.18589999998,40.9601,188742.44416999997,151.35490000000001,697186.6278,204.89580000000004,944299.8780499998
2026-04-29T00:05:11.096271Z,2026-04-29T00:05:10.416000Z,1777421110416,GOLD,xyz:GOLD,4607.4,26.5655,17,4607.5,0.1537,2,4607.45,0.1000000000003638,0.21703979424706465,35.6668,164327.18589999998,40.9601,188742.44416999997,118.27080000000001,544799.84956,205.54680000000002,947300.3370499999
2026-04-29T00:05:12.000497Z,2026-04-29T00:05:11.513000Z,1777421111513,GOLD,xyz:GOLD,4607.4,26.5655,17,4607.5,0.1537,2,4607.45,0.1000000000003638,0.21703979424706465,35.6668,164327.18589999998,40.9601,188742.44416999997,136.99640000000002,631037.9641199999,211.40800000000002,974310.8851
2026-04-29T00:05:13.000244Z,2026-04-29T00:05:12.590000Z,1777421112590,GOLD,xyz:GOLD,4607.4,26.5655,17,4607.5,0.1537,2,4607.45,0.1000000000003638,0.21703979424706465,35.6668,164327.18589999998,41.0017,188934.13280999998,120.8394,556614.9958899999,200.74800000000002,925199.53892
2026-04-29T00:05:14.000862Z,2026-04-29T00:05:13.666000Z,1777421113666,GOLD,xyz:GOLD,4607.4,26.0655,16,4607.5,0.1537,2,4607.45,0.1000000000003638,0.21703979424706465,35.1668,162023.4859,23.758499999999998,109475.39739999999,137.86430000000001,635034.9307799999,212.56500000000003,979628.52787
2026-04-29T00:05:15.001679Z,2026-04-29T00:05:14.215000Z,1777421114215,GOLD,xyz:GOLD,4607.4,26.5655,17,4607.5,0.1537,2,4607.45,0.1000000000003638,0.21703979424706465,35.6668,164327.18589999998,23.758499999999998,109475.39739999999,138.36430000000001,637338.63078,179.94930000000002,829325.5975599999
2026-04-29T00:05:16.000503Z,2026-04-29T00:05:15.285000Z,1777421115285,GOLD,xyz:GOLD,4607.4,26.5655,17,4607.5,0.009,1,4607.45,0.1000000000003638,0.21703979424706465,35.6699,164341.46821999998,36.5167,168266.45698999998,160.58150000000003,739680.9029300001,191.55180000000001,882820.7659600001
2026-04-29T00:05:17.000748Z,2026-04-29T00:05:16.395000Z,1777421116395,GOLD,xyz:GOLD,4607.4,26.5655,17,4607.5,0.009,1,4607.45,0.1000000000003638,0.21703979424706465,30.781900000000004,141823.42536,30.5269,140666.65231,134.58530000000002,619959.9018400001,218.1537,1005427.86004
2026-04-29T00:05:18.000816Z,2026-04-29T00:05:17.464000Z,1777421117464,GOLD,xyz:GOLD,4607.4,26.5655,17,4607.5,0.009,1,4607.45,0.1000000000003638,0.21703979424706465,29.622100000000003,136480.22676,31.612199999999998,145668.05694,162.2594,747440.36362,220.78770000000003,1017566.8901300001
2026-04-29T00:05:19.000537Z,2026-04-29T00:05:18.538000Z,1777421118538,GOLD,xyz:GOLD,4607.4,26.5655,17,4607.5,0.009,1,4607.45,0.1000000000003638,0.21703979424706465,29.608500000000003,136417.57155999998,31.612199999999998,145668.05694,166.2082,765630.7807200002,220.78770000000003,1017566.8901300001
2026-04-29T00:05:20.000508Z,2026-04-29T00:05:19.584000Z,1777421119584,GOLD,xyz:GOLD,4607.4,26.5655,17,4607.5,0.009,1,4607.45,0.1000000000003638,0.21703979424706465,36.4731,168042.05157999997,31.612199999999998,145668.05694,172.6446,795270.86704,220.78770000000003,1017566.8901300001
2026-04-29T00:05:21.000576Z,2026-04-29T00:05:20.645000Z,1777421120645,GOLD,xyz:GOLD,4607.4,26.5655,17,4607.5,0.009,1,4607.45,0.1000000000003638,0.21703979424706465,29.611300000000004,136430.47116,31.612199999999998,145668.05694,128.16760000000002,590396.2105000002,220.78770000000003,1017566.8901300001
2026-04-29T00:05:22.001257Z,2026-04-29T00:05:21.711000Z,1777421121711,GOLD,xyz:GOLD,4607.4,28.5174,17,4607.5,0.009,1,4607.45,0.1000000000003638,0.21703979424706465,40.1649,185051.12892999998,31.612199999999998,145668.05694,176.3359,812286.3354099999,220.78770000000003,1017566.8901300001
2026-04-29T00:05:23.001719Z,2026-04-29T00:05:22.788000Z,1777421122788,GOLD,xyz:GOLD,4607.4,26.5656,17,4607.5,0.009,1,4607.45,0.1000000000003638,0.21703979424706465,31.362,144496.12792,31.612199999999998,145668.05694,167.9613,773715.6460100001,220.78770000000003,1017566.8901300001
2026-04-29T00:05:24.000500Z,2026-04-29T00:05:23.327000Z,1777421123327,GOLD,xyz:GOLD,4607.4,26.5656,17,4607.5,0.009,1,4607.45,0.1000000000003638,0.21703979424706465,39.0754,180031.20201999997,31.612199999999998,145668.05694,174.343,803104.08261,220.78770000000003,1017566.8901300001
2026-04-29T00:05:25.000496Z,2026-04-29T00:05:24.420000Z,1777421124420,GOLD,xyz:GOLD,4607.4,26.5656,17,4607.5,0.009,1,4607.45,0.1000000000003638,0.21703979424706465,39.0754,180031.20201999997,31.612199999999998,145668.05694,174.343,803104.08261,220.78770000000003,1017566.8901300001
2026-04-29T00:05:26.000766Z,2026-04-29T00:05:26.004000Z,1777421126004,GOLD,xyz:GOLD,4607.4,12.1408,14,4607.5,0.1455,2,4607.45,0.1000000000003638,0.21703979424706465,35.1402,161898.15824999998,37.4679,172650.36782,136.9503,630838.2487899999,232.96280000000002,1073666.33555
2026-04-29T00:05:27.316812Z,2026-04-29T00:05:26.553000Z,1777421126553,GOLD,xyz:GOLD,4607.4,12.1408,14,4607.5,0.1455,2,4607.45,0.1000000000003638,0.21703979424706465,35.1402,161898.15824999998,39.2078,180667.65303000002,104.335,480603.4830499999,234.7027,1081683.62076
2026-04-29T00:05:28.000791Z,2026-04-29T00:05:27.642000Z,1777421127642,GOLD,xyz:GOLD,4607.4,13.0032,15,4607.5,0.009,1,4607.45,0.1000000000003638,0.21703979424706465,36.0026,165871.58000999998,39.0713,180038.72928,181.67350000000002,836803.39049,233.91230000000002,1078047.6560300002
2026-04-29T00:05:29.001036Z,2026-04-29T00:05:28.719000Z,1777421128719,GOLD,xyz:GOLD,4607.4,13.0032,15,4607.5,0.009,1,4607.45,0.1000000000003638,0.21703979424706465,36.0026,165871.58000999998,37.3314,172021.44407,164.642,758374.28797,232.82630000000003,1073044.32641
2026-04-29T00:05:30.000628Z,2026-04-29T00:05:29.803000Z,1777421129803,GOLD,xyz:GOLD,4607.4,13.0032,15,4607.5,0.009,1,4607.45,0.1000000000003638,0.21703979424706465,36.0026,165871.58000999998,37.3314,172021.44407,164.642,758374.28797,232.82630000000003,1073044.32641
2026-04-29T00:05:31.000927Z,2026-04-29T00:05:30.318000Z,1777421130318,GOLD,xyz:GOLD,4607.4,13.0032,15,4607.5,0.009,1,4607.45,0.1000000000003638,0.21703979424706465,36.0026,165871.58000999998,37.3314,172021.44407,170.0693,783380.5830999999,233.2311,1074910.05183
2026-04-29T00:05:32.000841Z,2026-04-29T00:05:31.364000Z,1777421131364,GOLD,xyz:GOLD,4607.4,26.0257,16,4607.5,0.009,1,4607.45,0.1000000000003638,0.21703979424706465,29.483700000000002,135842.34431,37.1297,171093.35785,137.45329999999998,633137.4421799999,200.9374,926085.96367
2026-04-29T00:05:33.000770Z,2026-04-29T00:05:32.434000Z,1777421132434,GOLD,xyz:GOLD,4607.4,26.5257,17,4607.5,0.009,1,4607.45,0.1000000000003638,0.21703979424706465,29.983700000000002,138146.04431,37.1297,171093.35785,130.28579999999997,600138.8476499999,201.0025,926386.03561
2026-04-29T00:05:34.000401Z,2026-04-29T00:05:33.511000Z,1777421133511,GOLD,xyz:GOLD,4607.4,26.5257,17,4607.5,0.009,1,4607.45,0.1000000000003638,0.21703979424706465,29.983700000000002,138146.04431,33.7403,155474.65467,103.77829999999999,478039.0429,196.0408,903520.49798
2026-04-29T00:05:35.001134Z,2026-04-29T00:05:34.592000Z,1777421134592,GOLD,xyz:GOLD,4607.4,28.6109,19,4607.5,0.009,1,4607.45,0.1000000000003638,0.21703979424706465,39.3636,181359.40512,43.3112,199583.57773,171.14270000000002,788263.4827,177.58589999999995,818510.4126800001
2026-04-29T00:05:36.000587Z,2026-04-29T00:05:35.660000Z,1777421135660,GOLD,xyz:GOLD,4607.4,28.6109,19,4607.5,0.009,1,4607.45,0.1000000000003638,0.21703979424706465,38.5873,177782.93169,44.3965,204583.98921,125.72770000000001,579152.33995,202.15149999999997,931736.0926300002
2026-04-29T00:05:37.001066Z,2026-04-29T00:05:36.733000Z,1777421136733,GOLD,xyz:GOLD,4607.4,28.6109,19,4607.5,0.009,1,4607.45,0.1000000000003638,0.21703979424706465,38.5873,177782.93169,32.165099999999995,148216.14565000002,167.8206,773061.45608,236.37489999999997,1089470.0477500001
2026-04-29T00:05:38.001132Z,2026-04-29T00:05:37.368000Z,1777421137368,GOLD,xyz:GOLD,4607.4,28.6109,19,4607.5,0.0026,1,4607.45,0.1000000000003638,0.21703979424706465,38.5873,177782.93169,32.158699999999996,148186.65765,162.99720000000002,750823.37544,235.96429999999998,1087570.64215
2026-04-29T00:05:39.000708Z,2026-04-29T00:05:38.448000Z,1777421138448,GOLD,xyz:GOLD,4607.4,28.6109,19,4607.5,0.0776,2,4607.45,0.1000000000003638,0.21703979424706465,38.5873,177782.93169,33.318799999999996,153532.46946,156.2648,719809.61476,237.64780000000002,1095309.3649099998
2026-04-29T00:05:40.001113Z,2026-04-29T00:05:40.585000Z,1777421140585,GOLD,xyz:GOLD,4607.4,28.6109,19,4607.5,0.0776,2,4607.45,0.1000000000003638,0.21703979424706465,38.5873,177782.93169,35.0587,161550.10265000002,160.824,740811.63444,239.79739999999998,1105217.6251800002
2026-04-29T00:05:41.877462Z,2026-04-29T00:05:41.123000Z,1777421141123,GOLD,xyz:GOLD,4607.4,28.6109,19,4607.5,0.0026,1,4607.45,0.1000000000003638,0.21703979424706465,38.5873,177782.93169,28.903599999999997,133186.83134,167.16979999999998,770061.48369,204.2815,941545.4267300001
2026-04-29T00:05:42.554549Z,2026-04-29T00:05:42.216000Z,1777421142216,GOLD,xyz:GOLD,4607.5,0.6039,1,4607.8,13.0133,1,4607.65,0.3000000000001819,0.6510911202026671,33.6092,154850.20707,46.0278,212102.00235999998,160.67679999999996,740160.10614,237.34390000000002,1093934.28486
2026-04-29T00:05:43.209404Z,2026-04-29T00:05:42.765000Z,1777421142765,GOLD,xyz:GOLD,4608.0,3.7616,8,4608.1,13.1023,2,4608.05,0.1000000000003638,0.21701153416383023,29.954,138022.20958,35.119299999999996,161840.44269000003,104.8391,482980.01113,189.7238,874471.3405500002
2026-04-29T00:05:44.030765Z,2026-04-29T00:05:43.331000Z,1777421143331,GOLD,xyz:GOLD,4608.0,18.306,15,4608.1,13.1023,2,4608.05,0.1000000000003638,0.21701153416383023,36.93620000000001,170197.91549000004,35.119299999999996,161840.44269000003,111.91160000000002,515557.4383200001,222.33950000000002,1024800.3634200002
2026-04-29T00:05:45.000615Z,2026-04-29T00:05:44.409000Z,1777421144409,GOLD,xyz:GOLD,4608.0,17.0764,15,4608.1,13.1023,2,4608.05,0.1000000000003638,0.21701153416383023,34.903400000000005,160829.87257,35.119299999999996,161840.44269000003,139.4518,642443.31247,222.33950000000002,1024800.3634200002
2026-04-29T00:05:46.001862Z,2026-04-29T00:05:45.444000Z,1777421145444,GOLD,xyz:GOLD,4608.0,17.0764,15,4608.1,13.1023,2,4608.05,0.1000000000003638,0.21701153416383023,34.903400000000005,160829.87257,35.119299999999996,161840.44269000003,139.464,642499.5178700001,222.33950000000002,1024800.3634200002
2026-04-29T00:05:47.000394Z,2026-04-29T00:05:46.525000Z,1777421146525,GOLD,xyz:GOLD,4608.0,17.0764,15,4608.1,13.1023,2,4608.05,0.1000000000003638,0.21701153416383023,34.903400000000005,160829.87257,34.9023,160840.37649000002,138.3074,637172.13947,221.75360000000003,1022100.0024000001
2026-04-29T00:05:48.000991Z,2026-04-29T00:05:47.605000Z,1777421147605,GOLD,xyz:GOLD,4608.0,17.0764,15,4608.1,13.1355,3,4608.05,0.1000000000003638,0.21701153416383023,34.903400000000005,160829.87257,34.9355,160993.36541000003,105.6921,486915.08559,190.73710000000003,879143.4284500001
2026-04-29T00:05:49.000792Z,2026-04-29T00:05:48.696000Z,1777421148696,GOLD,xyz:GOLD,4608.0,9.9698,14,4608.1,13.0969,2,4608.05,0.1000000000003638,0.21701153416383023,27.796799999999998,128082.65976999998,34.8969,160815.49275000003,129.896,598410.5612099998,223.31420000000006,1029294.5786600001
2026-04-29T00:05:50.000908Z,2026-04-29T00:05:49.761000Z,1777421149761,GOLD,xyz:GOLD,4608.0,9.9698,14,4608.1,13.0969,2,4608.05,0.1000000000003638,0.21701153416383023,27.796799999999998,128082.65976999998,34.8969,160815.49275000003,137.0026,631153.51005,223.74820000000005,1031295.18846
2026-04-29T00:05:51.000660Z,2026-04-29T00:05:50.308000Z,1777421150308,GOLD,xyz:GOLD,4608.0,3.6912,5,4608.1,13.122,3,4608.05,0.1000000000003638,0.21701153416383023,19.8909,91650.15642,31.667099999999994,145931.27490000002,91.0181,419289.20869,211.71970000000005,975873.9326200001
2026-04-29T00:05:52.000431Z,2026-04-29T00:05:51.362000Z,1777421151362,GOLD,xyz:GOLD,4608.0,2.6912,4,4608.1,18.117,5,4608.05,0.1000000000003638,0.21701153416383023,13.132000000000001,60506.92116,42.036300000000004,193715.14857000002,90.28420000000001,415900.12963000004,219.94800000000004,1013789.72534
2026-04-29T00:05:53.000356Z,2026-04-29T00:05:52.396000Z,1777421152396,GOLD,xyz:GOLD,4608.0,3.6912,5,4608.1,16.3771,4,4608.05,0.1000000000003638,0.21701153416383023,29.407700000000002,135494.05377,38.991499999999995,179683.88373,119.50970000000001,550535.26747,248.21400000000003,1144059.23956
2026-04-29T00:05:54.000134Z,2026-04-29T00:05:53.465000Z,1777421153465,GOLD,xyz:GOLD,4608.0,3.6912,5,4608.1,16.3771,4,4608.05,0.1000000000003638,0.21701153416383023,5.5298,25480.82501,38.991499999999995,179683.88373,116.91180000000001,538570.84683,250.21400000000003,1153278.43956
2026-04-29T00:05:55.000889Z,2026-04-29T00:05:54.541000Z,1777421154541,GOLD,xyz:GOLD,4608.0,3.6912,5,4608.1,16.3771,4,4608.05,0.1000000000003638,0.21701153416383023,5.5298,25480.82501,38.991499999999995,179683.88373,118.99140000000001,548150.89321,250.21400000000003,1153278.43956
2026-04-29T00:05:56.000567Z,2026-04-29T00:05:55.611000Z,1777421155611,GOLD,xyz:GOLD,4608.0,2.6912,4,4608.1,16.3771,4,4608.05,0.1000000000003638,0.21701153416383023,4.721399999999999,21755.942039999998,76.35529999999999,351867.40534,123.41270000000002,568509.90832,254.9621,1175145.9845800002
2026-04-29T00:05:57.001123Z,2026-04-29T00:05:56.690000Z,1777421156690,GOLD,xyz:GOLD,4608.0,3.6912,5,4608.1,16.3771,4,4608.05,0.1000000000003638,0.21701153416383023,4.721399999999999,21756.04204,76.35529999999999,351870.66690999997,116.8608,538330.9928100001,254.5791,1173381.01773
